#version: SB4004.3,,,,,,,,,,,,,,,
#enabled DS3231 square wave timing,,,,,,,,,,,,,,,
#reading eemem.............#done,,,,,,,,,,,,,,,
#testing sensor coms ,,,,,,,,,,,,,,,
#channels tested OK: 13,,,,,,,,,,,,,,,
# num inputs: 13,,,,,,,,,,,,,,,
#headers:,,,,,,,,,,,,,,,
#A:,nan,4004,0.04464,1,1,0.00048,1.11361,1.09394,1,1,1.08727,1.11035,1.04031,1.0857,0.00171
#B:,nan,4004,-8521.8,0,-204,-1210.3,0,0,0,0,0,0,0,0,0
#C:,nan,4004,nan,nan,nan,nan,nan,nan,nan,nan,nan,nan,nan,nan,nan
#D:,nan,4004,nan,nan,nan,nan,nan,nan,nan,nan,nan,nan,nan,nan,nan
#units:,s,4004,ppm,ppm,Mm^-1,mmH2O,degC,degC,%,degC,degC,degC,degC,degC,V
time,seconds,ID,CO,CO2,PM,Flow,FLUEtemp,H2Otemp,RH,COtemp,TC3,TC4,TC5,TC6,O2
20230104 13:48:22,3,4004,-0.26,819,0,0.01,12.81,11.83,68.1,10.62,-16.44,0.49,-55.59,38.95,0
20230104 13:48:23,4,4004,-0.17,814,0,0.02,12.74,11.83,68.03,10.62,0.82,16.59,18.86,-56.66,0
20230104 13:48:24,5,4004,-0.17,824,0,0.01,12.74,11.83,67.94,10.62,0.54,19.78,33.68,-48.65,0.003
20230104 13:48:25,6,4004,-0.12,817,0,0.01,12.74,11.83,67.87,10.62,-0.48,20.4,32.38,-33.59,0
20230104 13:48:26,7,4004,-0.12,815,1,0.01,12.74,11.83,67.79,10.62,-1.7,20.61,27.96,-23.41,0
20230104 13:48:27,8,4004,-0.08,816,0,0.02,12.74,11.83,67.75,10.62,-3.13,20.68,23.67,-17.24,0
20230104 13:48:28,9,4004,-0.08,810,0,0.01,12.74,11.83,67.7,10.56,-4.48,20.82,20.16,-13.44,0
20230104 13:48:29,10,4004,-0.08,809,0,0.01,12.74,11.83,67.65,10.62,-5.44,21.17,17.95,-11.26,0
20230104 13:48:30,11,4004,-0.08,809,1,0.01,12.74,11.83,67.59,10.62,-6.25,21.44,16.25,-9.77,0
20230104 13:48:31,12,4004,-0.04,807,0,0.01,12.74,11.83,67.56,10.62,-6.8,21.65,15.02,-8.55,0
20230104 13:48:32,13,4004,0.05,804,0,0.01,12.74,11.83,67.52,10.56,-7.27,22.07,14.04,-7.74,0
20230104 13:48:33,14,4004,-0.04,807,1,0.01,12.74,11.83,67.46,10.62,-7.68,22.35,13.33,-7.06,0
20230104 13:48:34,15,4004,0.05,811,0,0.01,12.74,11.83,67.39,10.62,-7.95,22.69,12.81,-6.79,0
20230104 13:48:35,16,4004,0.01,812,0,0.02,12.74,11.83,67.36,10.62,-8.22,22.97,12.35,-6.45,0
20230104 13:48:36,17,4004,0.05,810,0,0.01,12.74,11.83,67.33,10.56,-8.36,23.18,11.96,-5.9,0
20230104 13:48:37,18,4004,0.1,809,0,0.01,12.74,11.83,67.28,10.62,-8.36,23.39,11.57,-5.43,0
20230104 13:48:38,19,4004,0.1,809,2,0.01,12.74,11.83,67.26,10.56,-8.49,23.59,11.12,-5.09,0
20230104 13:48:39,20,4004,0.05,807,0,0.02,12.74,11.83,67.23,10.56,-8.56,23.8,10.73,-4.68,0
20230104 13:48:40,21,4004,0.19,810,-1,0.02,12.74,11.83,67.2,10.62,-8.56,24.01,10.34,-4.41,0
20230104 13:48:41,22,4004,0.14,807,1,0.02,12.74,11.83,67.15,10.62,-8.7,24.29,9.75,-4.07,0
20230104 13:48:42,23,4004,0.1,805,0,0.02,12.74,11.83,67.13,10.62,-8.7,24.5,9.3,-3.8,0
20230104 13:48:43,24,4004,0.19,809,0,0.02,12.74,11.83,67.1,10.56,-8.7,24.71,8.71,-3.53,0
20230104 13:48:44,25,4004,0.14,809,0,0.02,12.74,11.83,67.07,10.62,-8.7,24.91,8.26,-3.32,0
20230104 13:48:45,26,4004,0.14,806,1,0.02,12.74,11.83,67.04,10.56,-8.7,25.12,7.74,-3.12,0
20230104 13:48:46,27,4004,0.19,807,0,0.01,12.74,11.83,67.02,10.62,-8.7,25.33,7.09,-2.92,0
20230104 13:48:47,28,4004,0.19,806,0,0.01,12.74,11.83,66.99,10.62,-8.56,25.54,6.63,-2.51,0
20230104 13:48:48,29,4004,0.19,806,0,0.01,12.74,11.83,66.97,10.62,-8.49,25.61,5.92,-2.24,4.515
20230104 13:48:49,30,4004,0.23,806,0,0.01,12.74,11.83,66.94,10.56,-8.29,25.75,5.14,-2.04,4.519
20230104 13:48:50,31,4004,0.28,804,0,0.01,12.74,11.83,66.94,10.62,-8.09,25.95,4.75,-1.83,4.517
20230104 13:48:51,32,4004,0.19,804,0,0,12.74,11.83,66.89,10.56,-8.02,26.16,4.03,-1.63,4.515
20230104 13:48:52,33,4004,0.19,804,1,0.01,12.74,11.83,66.87,10.56,-7.88,26.44,3.25,-1.36,4.514
20230104 13:48:53,34,4004,0.28,804,-1,0.01,12.74,11.83,66.87,10.62,-7.81,26.65,2.73,-1.15,4.517
20230104 13:48:54,35,4004,0.23,796,0,0,12.74,11.83,66.84,10.62,-7.68,26.86,1.95,-0.95,4.52
20230104 13:48:55,36,4004,0.28,798,1,0.02,12.74,11.83,66.81,10.62,-7.47,27.06,1.3,-0.75,4.52
20230104 13:48:56,37,4004,0.28,799,0,0.01,12.74,11.83,66.81,10.56,-7.2,27.27,0.78,-0.54,4.52
20230104 13:48:57,38,4004,0.28,804,0,0.01,12.74,11.83,66.78,10.62,-7,27.48,0,-0.2,4.517
20230104 13:48:58,39,4004,0.19,802,1,0.01,12.74,11.83,66.76,10.62,-6.8,27.69,-0.52,0.14,4.514
20230104 13:48:59,40,4004,0.28,801,1,0.01,12.74,11.83,66.76,10.62,-6.46,27.9,-1.11,0.27,4.518
20230104 13:49:00,41,4004,0.28,798,-1,0.01,12.74,11.83,66.73,10.62,-6.05,28.11,-1.69,0.41,4.52
20230104 13:49:01,42,4004,0.32,802,1,0.01,12.74,11.83,66.73,10.62,-5.64,28.31,-1.89,0.47,4.522
20230104 13:49:02,43,4004,0.28,801,1,0.01,12.74,11.83,66.71,10.62,-5.5,28.38,-2.8,0.81,4.522
20230104 13:49:03,44,4004,0.28,801,0,0.01,12.74,11.83,66.71,10.62,-5.1,28.59,-3.19,1.09,4.52
20230104 13:49:04,45,4004,0.32,801,-1,0.01,12.74,11.83,66.71,10.62,-4.55,28.8,-3.12,0.75,4.516
20230104 13:49:05,46,4004,0.28,804,1,0.05,12.74,11.83,66.69,10.62,-4.55,28.87,-4.81,2.04,4.519
20230104 13:49:06,47,4004,0.28,802,0,7.54,12.74,11.83,66.69,10.62,-4.28,29.15,-5.01,1.97,4.521
20230104 13:49:07,48,4004,0.28,799,0,7.44,12.74,11.83,66.63,10.56,-3.87,29.29,-5.07,2.04,4.522
20230104 13:49:08,49,4004,0.32,799,1,7.15,12.81,11.83,66.63,10.62,-3.6,29.42,-5.46,2.17,4.522
20230104 13:49:09,50,4004,0.28,799,0,7.48,12.74,11.83,66.63,10.62,-3.33,29.49,-5.92,2.37,4.519
20230104 13:49:10,51,4004,0.32,796,0,7.28,12.74,11.83,66.6,10.62,-2.99,29.63,-6.31,2.58,4.519
20230104 13:49:11,52,4004,0.37,795,0,7.34,12.74,11.83,66.6,10.62,-2.72,29.84,-6.76,2.99,4.518
20230104 13:49:12,53,4004,0.32,798,0,7.14,12.74,11.83,66.6,10.62,-2.45,29.91,-7.02,3.26,4.521
20230104 13:49:13,54,4004,0.37,799,-1,7.85,12.74,11.83,66.58,10.62,-2.24,29.91,-7.41,3.46,4.52
20230104 13:49:14,55,4004,0.37,801,0,7.64,12.74,11.83,66.58,10.62,-2.04,30.05,-7.8,3.66,4.521
20230104 13:49:15,56,4004,0.32,802,0,7.01,12.74,11.83,66.58,10.62,-1.83,30.12,-7.93,3.94,4.524
20230104 13:49:16,57,4004,0.23,798,0,7.68,12.74,11.83,66.58,10.62,-1.63,30.26,-8.26,4.14,4.52
20230104 13:49:17,58,4004,0.37,796,0,7,12.74,11.83,66.56,10.62,-1.36,30.33,-8.52,4.48,4.519
20230104 13:49:18,59,4004,0.37,798,-1,7.33,12.74,11.83,66.56,10.62,-1.02,30.47,-8.78,4.61,4.517
20230104 13:49:19,60,4004,0.37,801,1,7.26,12.74,11.83,66.53,10.69,-0.88,30.53,-8.97,4.75,4.52
20230104 13:49:20,61,4004,0.37,802,-1,6.91,12.74,11.83,66.53,10.69,-0.61,30.67,-8.97,4.75,4.521
20230104 13:49:21,62,4004,0.37,804,-1,7.68,12.74,11.83,66.53,10.69,-0.48,30.74,-9.62,5.43,4.525
20230104 13:49:22,63,4004,0.37,801,0,8.03,12.74,11.83,66.53,10.62,-0.34,30.74,-9.82,5.5,4.521
20230104 13:49:23,64,4004,0.28,799,1,6.95,12.81,11.83,66.53,10.62,-0.14,30.88,-9.75,5.63,4.518
20230104 13:49:24,65,4004,0.37,802,1,7.32,12.74,11.69,66.53,10.69,-0.14,30.95,-10.4,5.97,4.516
20230104 13:49:25,66,4004,0.32,806,-1,7.48,12.74,11.76,66.53,10.62,0,30.95,-10.4,6.24,4.52
20230104 13:49:26,67,4004,0.37,805,0,7.33,12.74,11.76,66.53,10.75,0.2,31.16,-10.47,6.51,4.523
20230104 13:49:27,68,4004,0.41,807,-1,7.58,12.74,11.76,66.56,10.62,0.41,31.23,-10.47,6.72,4.523
20230104 13:49:28,69,4004,0.46,806,0,7.25,12.74,11.69,66.56,10.62,0.68,31.23,-10.6,6.92,4.521
20230104 13:49:29,70,4004,0.41,806,0,7.27,12.74,11.69,66.58,10.69,0.75,31.23,-10.86,7.12,4.52
20230104 13:49:30,71,4004,0.41,805,1,7.74,12.74,11.69,66.61,10.62,0.88,31.37,-11.05,7.33,4.519
20230104 13:49:31,72,4004,0.37,810,0,7.16,12.74,11.69,66.58,10.62,0.95,31.44,-11.12,7.6,4.522
20230104 13:49:32,73,4004,0.46,815,0,7.5,12.74,11.76,66.58,10.69,1.09,31.44,-11.25,7.8,4.522
20230104 13:49:33,74,4004,0.46,815,1,7.16,12.74,11.69,66.6,10.75,1.29,31.44,-11.31,8.01,4.525
20230104 13:49:34,75,4004,0.46,815,1,7.57,12.74,11.69,66.6,10.69,1.36,31.58,-11.44,8.21,4.521
20230104 13:49:35,76,4004,0.37,811,0,7.64,12.74,11.69,66.63,10.62,1.49,31.64,-11.51,8.41,4.52
20230104 13:49:36,77,4004,0.41,807,-2,7.79,12.74,11.69,66.63,10.69,1.56,31.64,-11.7,8.82,4.516
20230104 13:49:37,78,4004,0.41,807,0,6.87,12.74,11.69,66.63,10.62,1.77,31.78,-11.77,8.82,4.52
20230104 13:49:38,79,4004,0.37,806,-1,7.6,12.74,11.69,66.63,10.69,1.83,31.85,-11.77,9.09,4.523
20230104 13:49:39,80,4004,0.37,804,0,7.07,12.74,11.69,66.69,10.62,1.97,31.85,-11.9,9.16,4.524
20230104 13:49:40,81,4004,0.37,804,0,7.47,12.74,11.69,66.69,10.62,2.04,31.85,-11.96,9.16,4.521
20230104 13:49:41,82,4004,0.41,805,-1,7.72,12.74,11.69,66.69,10.62,2.17,31.85,-12.09,9.43,4.52
20230104 13:49:42,83,4004,0.32,804,-1,6.95,12.74,11.69,66.69,10.69,2.24,31.99,-12.29,9.7,4.518
20230104 13:49:43,84,4004,0.46,804,1,6.95,12.74,11.69,66.69,10.62,2.38,32.06,-12.29,9.77,4.52
20230104 13:49:44,85,4004,0.41,804,0,7.37,12.74,11.69,66.69,10.62,2.45,32.06,-12.35,10.04,4.524
20230104 13:49:45,86,4004,0.41,799,0,7.46,12.74,11.69,66.69,10.62,2.45,32.06,-12.35,10.18,4.526
20230104 13:49:46,87,4004,0.46,798,0,7.44,12.74,11.69,66.69,10.62,2.45,32.2,-12.55,10.38,4.52
20230104 13:49:47,88,4004,0.41,795,0,6.75,12.74,11.69,66.69,10.62,2.58,32.27,-12.48,10.45,4.518
20230104 13:49:48,89,4004,0.41,796,0,7.46,12.74,11.69,66.63,10.69,2.65,32.27,-12.61,10.59,4.519
20230104 13:49:49,90,4004,0.46,796,-1,7.18,12.74,11.69,66.63,10.75,2.85,32.27,-12.61,10.79,4.522
20230104 13:49:50,91,4004,0.46,794,-1,7.07,12.74,11.69,66.63,10.75,2.92,32.41,-12.74,10.99,4.522
20230104 13:49:51,92,4004,0.46,795,0,7.55,12.74,11.69,66.66,10.62,2.92,32.41,-12.81,11.2,4.523
20230104 13:49:52,93,4004,0.46,798,0,7.45,12.74,11.69,66.66,10.69,2.92,32.48,-12.81,11.4,4.522
20230104 13:49:53,94,4004,0.46,798,0,7.36,12.74,11.69,66.6,10.69,3.06,32.48,-12.81,11.67,4.519
20230104 13:49:54,95,4004,0.41,798,0,7.85,12.74,11.69,66.6,10.62,3.13,32.48,-12.94,11.87,4.52
20230104 13:49:55,96,4004,0.41,799,1,7.06,12.74,11.69,66.58,10.62,3.26,32.48,-12.94,12.82,4.518
20230104 13:49:56,97,4004,0.32,804,0,7.34,12.74,11.69,66.61,10.75,3.26,32.48,-13.13,12.55,4.52
20230104 13:49:57,98,4004,0.41,802,1,7.29,12.74,11.69,66.58,10.62,3.26,32.48,-13.33,12.69,4.525
20230104 13:49:58,99,4004,0.37,805,0,7.1,12.6,11.69,66.61,10.75,3.33,32.62,-13.2,12.69,4.522
20230104 13:49:59,100,4004,0.5,809,3,7.64,12.53,11.69,66.59,10.62,3.33,32.69,-13.2,12.69,4.525
20230104 13:50:00,101,4004,0.41,810,2,7.02,12.53,11.69,66.56,10.69,3.33,32.69,-13.2,12.76,4.52
20230104 13:50:01,102,4004,0.46,811,-1,6.97,12.53,11.69,66.53,10.69,3.33,32.69,-13.2,12.89,4.519
20230104 13:50:02,103,4004,0.41,812,0,7.71,12.53,11.69,66.53,10.62,3.33,32.69,-13.2,12.96,4.519
20230104 13:50:03,104,4004,0.37,812,1,7.48,12.53,11.69,66.5,10.75,3.33,32.69,-13.2,13.16,4.522
20230104 13:50:04,105,4004,0.46,816,1,6.91,12.53,11.76,66.47,10.69,3.47,32.82,-13.33,13.23,4.524
20230104 13:50:05,106,4004,0.46,816,0,7.08,12.53,11.76,66.45,10.69,3.53,32.89,-13.39,13.37,4.524
20230104 13:50:06,107,4004,0.37,815,1,7.44,12.53,11.76,66.45,10.75,3.53,32.89,-13.39,13.44,4.51
20230104 13:50:07,108,4004,0.46,812,2,7.23,12.53,11.76,66.46,10.75,3.67,32.89,-13.59,13.57,4.518
20230104 13:50:08,109,4004,0.46,809,1,7.52,12.53,11.76,66.42,10.62,3.74,32.89,-13.65,13.77,4.52
20230104 13:50:09,110,4004,0.5,806,0,7.15,12.53,11.76,66.36,10.69,3.74,32.89,-13.65,13.84,4.521
20230104 13:50:10,111,4004,0.46,801,2,7.18,12.53,11.76,66.36,10.75,3.74,32.89,-13.65,13.98,4.524
20230104 13:50:11,112,4004,0.41,801,1,7.34,12.53,11.76,66.4,10.69,3.74,32.89,-13.65,14.05,4.526
20230104 13:50:12,113,4004,0.46,801,0,7.36,12.53,11.76,66.42,10.81,3.74,32.89,-13.78,14.18,4.522
20230104 13:50:13,114,4004,0.41,802,0,7.04,12.53,11.76,66.42,10.75,3.74,32.89,-13.85,14.25,4.519
20230104 13:50:14,115,4004,0.46,801,0,7.12,12.6,11.76,66.42,10.62,3.94,32.89,-13.85,14.39,4.519
20230104 13:50:15,116,4004,0.41,804,0,7.24,12.53,11.76,66.45,10.81,4.01,32.89,-13.85,14.45,4.524
20230104 13:50:16,117,4004,0.41,805,0,7.75,12.53,11.76,66.45,10.69,4.01,33.03,-13.98,14.66,4.524
20230104 13:50:17,118,4004,0.41,804,1,6.85,12.53,11.76,66.47,10.62,4.01,33.03,-14.04,14.72,4.526
20230104 13:50:18,119,4004,0.5,809,2,7.34,12.53,11.76,66.47,10.62,4.01,33.1,-14.04,14.86,4.52
20230104 13:50:19,120,4004,0.5,810,0,7.54,12.53,11.76,66.53,10.81,4.01,33.1,-14.04,14.93,4.518
20230104 13:50:20,121,4004,0.37,809,0,7.49,12.53,11.76,66.56,10.62,4.15,33.1,-14.04,15.06,4.521
20230104 13:50:21,122,4004,0.41,807,0,7.71,12.53,11.76,66.53,10.81,4.21,33.1,-14.17,15.13,4.522
20230104 13:50:22,123,4004,0.46,804,-1,7.79,12.53,11.76,66.53,10.62,4.21,33.1,-14.24,15.27,4.524
20230104 13:50:23,124,4004,0.46,801,0,7.22,12.53,11.76,66.56,10.69,4.21,33.1,-14.24,15.47,4.526
20230104 13:50:24,125,4004,0.46,804,-1,6.81,12.53,11.76,66.53,10.81,4.21,33.1,-14.24,15.54,4.52
20230104 13:50:25,126,4004,0.46,804,0,7.19,12.53,11.76,66.56,10.75,4.21,33.1,-14.24,15.54,4.52
20230104 13:50:26,127,4004,0.46,809,0,7.2,12.53,11.76,66.59,10.75,4.21,33.1,-14.43,15.67,4.52
20230104 13:50:27,128,4004,0.46,809,0,7.26,12.53,11.76,66.59,10.75,4.21,33.1,-14.5,15.74,4.522
20230104 13:50:28,129,4004,0.46,805,1,7.4,12.53,11.69,66.56,10.75,4.21,33.1,-14.5,15.88,4.524
20230104 13:50:29,130,4004,0.46,802,0,7.82,12.53,11.76,66.58,10.75,4.21,33.1,-14.5,15.95,4.526
20230104 13:50:30,131,4004,0.41,802,1,6.83,12.53,11.76,66.58,10.81,4.35,33.1,-14.5,16.08,4.52
20230104 13:50:31,132,4004,0.46,804,0,7.58,12.53,11.76,66.61,10.69,4.42,33.1,-14.5,16.15,4.519
20230104 13:50:32,133,4004,0.46,804,2,7.26,12.53,11.76,66.61,10.81,4.42,33.1,-14.63,16.15,4.522
20230104 13:50:33,134,4004,0.41,807,0,7.27,12.53,11.76,66.58,10.69,4.42,33.1,-14.69,16.35,4.522
20230104 13:50:34,135,4004,0.46,806,1,7.2,12.53,11.76,66.58,10.69,4.42,33.1,-14.69,16.42,4.525
20230104 13:50:35,136,4004,0.41,807,2,7.61,12.53,11.76,66.58,10.81,4.42,33.1,-14.69,16.42,4.525
20230104 13:50:36,137,4004,0.46,804,2,7.03,12.53,11.69,66.58,10.81,4.42,33.1,-14.69,16.56,4.52
20230104 13:50:37,138,4004,0.46,802,1,6.5,12.53,11.69,66.58,10.69,4.42,33.1,-14.82,16.62,4.524
20230104 13:50:38,139,4004,0.46,804,0,7.74,12.53,11.69,66.58,10.81,4.55,33.1,-14.82,16.76,4.52
20230104 13:50:39,140,4004,0.5,802,0,6.97,12.53,11.69,66.61,10.75,4.62,33.1,-14.89,16.83,4.52
20230104 13:50:40,141,4004,0.46,799,0,7.44,12.53,11.69,66.58,10.81,4.62,33.1,-14.89,16.83,4.523
20230104 13:50:41,142,4004,0.41,804,0,7.22,12.53,11.69,66.59,10.81,4.62,33.1,-14.89,16.96,4.515
20230104 13:50:42,143,4004,0.46,805,0,7.05,12.53,11.69,66.56,10.81,4.62,33.1,-14.89,17.03,4.524
20230104 13:50:43,144,4004,0.46,805,1,7.81,12.53,11.69,66.56,10.75,4.62,33.1,-14.89,17.17,4.522
20230104 13:50:44,145,4004,0.5,802,1,6.94,12.53,11.69,66.56,10.75,4.62,33.1,-15.02,17.24,4.521
20230104 13:50:45,146,4004,0.46,796,2,7.76,12.53,11.69,66.56,10.81,4.62,33.1,-15.08,17.24,4.512
20230104 13:50:46,147,4004,0.46,799,0,6.77,12.53,11.69,66.56,10.81,4.62,33.1,-15.08,17.24,4.522
20230104 13:50:47,148,4004,0.46,801,0,7.39,12.53,11.69,66.53,10.81,4.62,33.03,-15.08,17.37,4.525
20230104 13:50:48,149,4004,0.5,805,0,7.11,12.53,11.69,66.56,10.81,4.76,33.03,-15.08,17.44,4.525
20230104 13:50:49,150,4004,0.46,805,-1,7.8,12.53,11.69,66.56,10.75,4.82,33.03,-15.08,17.44,4.523
20230104 13:50:50,151,4004,0.46,806,0,7.58,12.53,11.69,66.53,10.81,4.82,33.03,-15.08,17.57,4.521
20230104 13:50:51,152,4004,0.46,807,0,7.1,12.53,11.69,66.56,10.81,4.82,33.03,-15.28,17.64,4.519
20230104 13:50:52,153,4004,0.41,804,0,7.19,12.53,11.69,66.53,10.81,4.82,33.03,-15.34,17.64,4.522
20230104 13:50:53,154,4004,0.46,805,1,7.71,12.53,11.69,66.5,10.81,4.82,33.03,-15.34,17.64,4.524
20230104 13:50:54,155,4004,0.41,805,2,7.47,12.53,11.69,66.53,10.81,4.82,33.03,-15.34,17.85,4.529
20230104 13:50:55,156,4004,0.46,801,0,7.55,12.53,11.69,66.47,10.81,4.82,33.03,-15.34,17.91,4.523
20230104 13:50:56,157,4004,0.41,804,-1,7.42,12.53,11.69,66.47,10.81,4.82,33.03,-15.34,17.91,4.523
20230104 13:50:57,158,4004,0.41,806,0,7.07,12.53,11.69,66.5,10.81,4.96,32.89,-15.34,17.91,4.522
20230104 13:50:58,159,4004,0.46,807,1,7.35,12.53,11.69,66.47,10.81,4.96,32.82,-15.47,18.05,4.522
20230104 13:50:59,160,4004,0.46,810,-1,7.59,12.53,11.69,66.45,10.81,5.03,32.82,-15.54,18.05,4.525
20230104 13:51:00,161,4004,0.46,815,0,7.48,12.53,11.69,66.45,10.81,5.03,32.82,-15.54,18.12,4.526
20230104 13:51:01,162,4004,0.5,815,0,7.37,12.53,11.69,66.45,10.81,5.03,32.82,-15.54,18.05,4.524
20230104 13:51:02,163,4004,0.41,815,1,7.47,12.53,11.69,66.42,10.81,5.03,32.82,-15.54,18.12,4.523
20230104 13:51:03,164,4004,0.46,816,-1,7.2,12.53,11.69,66.42,10.75,5.03,32.69,-15.54,18.12,4.523
20230104 13:51:04,165,4004,0.41,815,0,7.4,12.53,11.69,66.46,10.81,5.03,32.62,-15.54,18.12,4.523
20230104 13:51:05,166,4004,0.46,808,1,7.27,12.53,11.69,66.36,10.81,5.03,32.62,-15.54,18.12,4.527
20230104 13:51:06,167,4004,0.46,809,0,7.97,12.53,11.69,66.36,10.81,5.03,32.62,-15.54,18.12,4.528
20230104 13:51:07,168,4004,0.41,809,0,7.61,12.53,11.69,66.4,10.81,5.03,32.62,-15.54,18.12,4.524
20230104 13:51:08,169,4004,0.41,808,0,7.57,12.53,11.69,66.37,10.75,5.03,32.62,-15.67,18.25,4.523
20230104 13:51:09,170,4004,0.5,801,1,7.29,12.53,11.69,66.37,10.81,5.23,32.48,-15.73,18.32,4.52
20230104 13:51:10,171,4004,0.46,799,0,7.29,12.53,11.69,66.34,10.81,5.3,32.41,-15.73,18.32,4.523
20230104 13:51:11,172,4004,0.5,801,0,7.75,12.53,11.69,66.34,10.81,5.3,32.41,-15.73,18.32,4.527
20230104 13:51:12,173,4004,0.46,799,0,7.18,12.53,11.69,66.35,10.81,5.3,32.41,-15.73,18.32,4.526
20230104 13:51:13,174,4004,0.46,798,0,7.35,12.53,11.69,66.32,10.81,5.3,32.27,-15.73,18.46,4.525
20230104 13:51:14,175,4004,0.54,799,1,7.13,12.53,11.69,66.35,10.75,5.3,32.2,-15.73,18.46,4.522
20230104 13:51:15,176,4004,0.54,801,-1,7.76,12.53,11.69,66.32,10.81,5.44,32.2,-15.73,18.52,4.523
20230104 13:51:16,177,4004,0.46,804,0,7.56,12.53,11.69,66.33,10.81,5.5,32.2,-15.73,18.52,4.52
20230104 13:51:17,178,4004,0.46,804,0,7.71,12.53,11.69,66.33,10.81,5.5,32.2,-15.73,18.52,4.526
20230104 13:51:18,179,4004,0.5,804,0,7.74,12.53,11.69,66.33,10.81,5.5,32.06,-15.86,18.52,4.527
20230104 13:51:19,180,4004,0.46,803,0,7.7,12.53,11.69,66.33,10.81,5.5,31.99,-15.93,18.52,4.524
20230104 13:51:20,181,4004,0.46,795,0,7.75,12.53,11.69,66.29,10.81,5.5,31.99,-15.93,18.52,4.526
20230104 13:51:21,182,4004,0.5,797,1,7.38,12.53,11.69,66.33,10.81,5.5,31.85,-15.93,18.52,4.522
20230104 13:51:22,183,4004,0.54,795,0,7.05,12.53,11.69,66.3,10.88,5.5,31.78,-15.93,18.52,4.518
20230104 13:51:23,184,4004,0.54,793,0,7.11,12.53,11.69,66.3,10.81,5.5,31.78,-15.93,18.66,4.523
20230104 13:51:24,185,4004,0.46,795,0,7.04,12.53,11.69,66.3,10.88,5.64,31.64,-16.12,18.73,4.526
20230104 13:51:25,186,4004,0.54,790,0,7.13,12.53,11.69,66.27,10.81,5.71,31.58,-16.19,18.86,4.527
20230104 13:51:26,187,4004,0.54,793,1,7.49,12.53,11.69,66.24,10.81,5.71,31.58,-16.19,18.86,4.526
20230104 13:51:27,188,4004,0.5,794,0,7.32,12.53,11.69,66.24,10.81,5.71,31.58,-16.19,18.93,4.525
20230104 13:51:28,189,4004,0.46,792,0,7.63,12.53,11.69,66.27,10.81,5.71,31.44,-16.19,18.86,4.52
20230104 13:51:29,190,4004,0.41,790,0,7.07,12.53,11.69,66.24,10.88,5.71,31.37,-16.32,18.93,4.523
20230104 13:51:30,191,4004,0.5,790,0,6.86,12.53,11.69,66.27,10.81,5.84,31.37,-15.86,18.73,4.525
20230104 13:51:31,192,4004,0.46,792,0,7.63,12.53,11.69,66.27,10.81,5.84,31.16,-16.64,19,4.528
20230104 13:51:32,193,4004,0.41,787,0,6.82,12.53,11.69,66.21,10.81,5.91,31.09,-16.38,18.86,4.525
20230104 13:51:33,194,4004,0.37,784,0,7.86,12.53,11.69,66.24,10.88,5.84,31.09,-16.51,19.07,4.524
20230104 13:51:34,195,4004,0.46,783,1,7.5,12.53,11.69,66.21,10.81,5.91,30.95,-16.51,19.07,4.519
20230104 13:51:35,196,4004,0.46,784,2,6.74,12.53,11.69,66.21,10.88,5.91,30.88,-16.51,19.07,4.521
20230104 13:51:36,197,4004,0.46,784,0,7.22,12.53,11.69,66.24,10.88,5.91,30.88,-16.51,19.07,4.524
20230104 13:51:37,198,4004,0.41,782,1,7.15,12.53,11.69,66.24,10.81,5.91,30.74,-16.58,19.07,4.526
20230104 13:51:38,199,4004,0.41,777,3,7.17,12.53,11.69,66.22,10.81,5.91,30.67,-16.58,19.14,4.526
20230104 13:51:39,200,4004,0.46,781,0,7.57,12.53,11.69,66.22,10.88,5.91,30.67,-16.58,19.07,4.52
20230104 13:51:40,201,4004,0.46,782,0,7.14,12.53,11.69,66.19,10.88,6.05,30.53,-16.58,19.14,4.521
20230104 13:51:41,202,4004,0.41,779,1,7.3,12.53,11.69,66.19,10.81,6.12,30.47,-16.58,19.14,4.523
20230104 13:51:42,203,4004,0.5,778,1,7.2,12.53,11.69,66.22,10.88,6.12,30.47,-16.58,19.14,4.524
20230104 13:51:43,204,4004,0.41,778,0,7.3,12.53,11.69,66.22,10.81,6.12,30.33,-16.58,19.14,4.527
20230104 13:51:44,205,4004,0.41,779,1,7.3,12.53,11.69,66.22,10.81,6.12,30.26,-16.71,19.14,4.529
20230104 13:51:45,206,4004,0.5,778,0,7.76,12.53,11.69,66.22,10.88,6.12,30.26,-16.77,19.14,4.526
20230104 13:51:46,207,4004,0.46,775,0,7.45,12.53,11.69,66.19,10.88,6.12,30.12,-16.77,19.14,4.518
20230104 13:51:47,208,4004,0.5,772,0,7.24,12.53,11.69,66.19,10.88,6.12,30.05,-16.77,19.14,4.523
20230104 13:51:48,209,4004,0.41,775,-1,7.12,12.53,11.69,66.17,10.81,6.12,30.05,-16.77,19.14,4.523
20230104 13:51:49,210,4004,0.46,779,1,7.36,12.53,11.69,66.17,10.88,6.32,29.91,-16.77,19.14,4.529
20230104 13:51:50,211,4004,0.5,783,0,7.04,12.53,11.69,66.14,10.94,6.39,29.84,-16.77,19.27,4.528
20230104 13:51:51,212,4004,0.46,783,0,7.66,12.53,11.69,66.17,10.81,6.39,29.7,-16.97,19.27,4.525
20230104 13:51:52,213,4004,0.46,786,1,7.64,12.53,11.69,66.14,10.88,6.39,29.63,-17.04,19.34,4.521
20230104 13:51:53,214,4004,0.46,790,-1,7.31,12.53,11.69,66.22,10.81,6.39,29.63,-17.04,19.34,4.522
20230104 13:51:54,215,4004,0.46,794,-1,7.12,12.53,11.69,66.22,10.81,6.39,29.63,-17.04,19.34,4.523
20230104 13:51:55,216,4004,0.41,801,0,7.13,12.53,11.69,66.22,10.94,6.39,29.63,-17.04,19.34,4.524
20230104 13:51:56,217,4004,0.46,803,0,6.71,12.53,11.69,66.22,10.88,6.52,29.49,-17.04,19.34,4.526
20230104 13:51:57,218,4004,0.46,804,0,7.21,12.53,11.69,66.19,10.81,6.59,29.42,-17.04,19.34,4.522
20230104 13:51:58,219,4004,0.46,803,0,7.42,12.53,11.69,66.21,10.88,6.59,29.29,-17.04,19.34,4.523
20230104 13:51:59,220,4004,0.46,804,-1,7.54,12.53,11.69,66.21,10.88,6.59,29.22,-17.04,19.34,4.522
20230104 13:52:00,221,4004,0.41,804,0,7.2,12.53,11.69,66.21,10.88,6.59,29.22,-17.17,19.34,4.523
20230104 13:52:01,222,4004,0.46,806,-1,7.11,12.53,11.69,66.24,10.94,6.59,29.08,-17.23,19.34,4.522
20230104 13:52:02,223,4004,0.41,806,0,7.43,12.53,11.69,66.21,10.81,6.59,29.01,-17.23,19.34,4.527
20230104 13:52:03,224,4004,0.46,803,0,7.35,12.53,11.69,66.24,10.88,6.73,29.01,-17.23,19.34,4.529
20230104 13:52:04,225,4004,0.46,804,1,7.31,12.53,11.69,66.27,10.88,6.73,28.87,-17.23,19.34,4.524
20230104 13:52:05,226,4004,0.5,804,-1,7.27,12.53,11.69,66.24,10.88,6.8,28.8,-17.23,19.34,4.525
20230104 13:52:06,227,4004,0.46,803,0,7.34,12.53,11.69,66.24,10.94,6.8,28.8,-17.23,19.47,4.522
20230104 13:52:07,228,4004,0.41,801,0,7.15,12.53,11.69,66.24,10.88,6.8,28.59,-17.23,19.54,4.523
20230104 13:52:08,229,4004,0.46,799,0,6.83,12.53,11.69,66.27,10.81,6.8,28.52,-17.36,19.54,4.524
20230104 13:52:09,230,4004,0.46,803,0,7.23,12.53,11.69,66.27,10.88,6.8,28.52,-17.43,19.54,4.529
20230104 13:52:10,231,4004,0.5,795,0,7.64,12.53,11.69,66.27,10.81,6.8,28.38,-17.43,19.54,4.527
20230104 13:52:11,232,4004,0.5,798,0,7.68,12.53,11.69,66.27,10.88,6.8,28.31,-17.43,19.54,4.52
20230104 13:52:12,233,4004,0.41,804,0,7.56,12.53,11.69,66.27,10.81,6.8,28.31,-17.43,19.54,4.523
20230104 13:52:13,234,4004,0.41,803,0,7.02,12.53,11.69,66.24,10.88,6.93,28.31,-17.43,19.54,4.523
20230104 13:52:14,235,4004,0.37,803,-1,7.05,12.53,11.69,66.3,10.88,7,28.18,-17.43,19.75,4.527
20230104 13:52:15,236,4004,0.46,799,0,7.73,12.53,11.69,66.3,10.94,7,28.11,-17.43,19.68,4.529
20230104 13:52:16,237,4004,0.46,799,0,6.94,12.53,11.69,66.3,10.81,7,27.97,-17.62,19.68,4.525
20230104 13:52:17,238,4004,0.5,797,2,6.67,12.53,11.69,66.3,10.88,7,27.9,-17.69,19.68,4.523
20230104 13:52:18,239,4004,0.41,798,-1,7.03,12.53,11.69,66.3,10.81,7,27.9,-17.69,19.68,4.524
20230104 13:52:19,240,4004,0.5,798,1,6.92,12.53,11.69,66.3,10.81,7,27.9,-17.69,19.68,4.525
20230104 13:52:20,241,4004,0.46,801,-1,7.76,12.53,11.69,66.33,10.81,7,27.76,-17.69,19.68,4.525
20230104 13:52:21,242,4004,0.46,799,3,7.69,12.53,11.69,66.27,10.81,7.14,27.69,-17.69,19.81,4.526
20230104 13:52:22,243,4004,0.5,799,-1,7.72,12.53,11.69,66.33,10.94,7.2,27.55,-17.69,19.68,4.529
20230104 13:52:23,244,4004,0.46,803,1,7.46,12.53,11.69,66.27,10.81,7.2,27.48,-17.69,19.68,4.522
20230104 13:52:24,245,4004,0.41,803,2,7.7,12.53,11.69,66.3,10.81,7.2,27.48,-17.82,19.68,4.52
20230104 13:52:25,246,4004,0.41,801,0,6.94,12.53,11.69,66.3,10.94,7.2,27.48,-17.88,19.68,4.521
20230104 13:52:26,247,4004,0.41,803,0,7.22,12.53,11.69,66.3,10.81,7.2,27.34,-17.88,19.68,4.524
20230104 13:52:27,248,4004,0.46,808,0,7.85,12.53,11.69,66.3,10.94,7.34,27.27,-17.88,19.68,4.526
20230104 13:52:28,249,4004,0.46,806,-1,7.39,12.53,11.69,66.3,10.88,7.41,27.27,-17.88,19.68,4.524
20230104 13:52:29,250,4004,0.41,808,-1,7.29,12.53,11.69,66.27,10.81,7.41,27.13,-17.88,19.68,4.523
20230104 13:52:30,251,4004,0.41,805,1,7.23,12.53,11.69,66.27,10.81,7.41,27.06,-17.88,19.68,4.523
20230104 13:52:31,252,4004,0.41,803,0,6.6,12.53,11.69,66.24,10.88,7.41,27.06,-17.88,19.68,4.523
20230104 13:52:32,253,4004,0.54,803,0,7.38,12.53,11.69,66.27,10.94,7.41,27.06,-18.01,19.68,4.525
20230104 13:52:33,254,4004,0.46,799,1,7.27,12.53,11.69,66.27,10.88,7.41,27.06,-18.08,19.68,4.525
20230104 13:52:34,255,4004,0.37,801,0,7.08,12.53,11.69,66.24,10.88,7.41,27.06,-18.08,19.68,4.524
20230104 13:52:35,256,4004,0.46,799,-1,7.49,12.53,11.69,66.21,10.94,7.41,26.93,-18.08,19.68,4.521
20230104 13:52:36,257,4004,0.46,797,0,8.12,12.53,11.69,66.19,10.81,7.61,26.86,-18.08,19.68,4.521
20230104 13:52:37,258,4004,0.5,793,-1,7.67,12.39,11.69,66.22,10.88,7.68,26.86,-18.08,19.68,4.523
20230104 13:52:38,259,4004,0.46,793,0,6.91,12.39,11.69,66.22,10.94,7.68,26.86,-18.08,19.68,4.528
20230104 13:52:39,260,4004,0.46,794,0,6.96,12.39,11.69,66.22,10.94,7.68,26.72,-18.08,19.68,4.53
20230104 13:52:40,261,4004,0.46,797,0,7.18,12.39,11.69,66.22,10.88,7.68,26.65,-18.08,19.54,4.525
20230104 13:52:41,262,4004,0.46,803,0,7.46,12.39,11.69,66.22,10.88,7.68,26.65,-18.08,19.54,4.52
20230104 13:52:42,263,4004,0.37,803,-1,7.31,12.32,11.69,66.19,10.94,7.68,26.65,-18.21,19.54,4.52
20230104 13:52:43,264,4004,0.41,794,1,7.88,12.39,11.49,66.22,10.94,7.68,26.65,-18.21,19.47,4.52
20230104 13:52:44,265,4004,0.5,789,1,6.67,12.32,11.55,66.22,10.88,7.68,26.44,-18.21,19.47,4.523
20230104 13:52:45,266,4004,0.41,789,0,6.81,12.39,11.55,66.22,10.94,7.68,26.37,-18.21,19.47,4.524
20230104 13:52:46,267,4004,0.5,790,1,6.9,12.32,11.55,66.19,10.81,7.68,26.37,-18.21,19.47,4.526
20230104 13:52:47,268,4004,0.41,789,0,7.09,12.32,11.42,66.24,10.94,7.81,26.37,-18.21,19.47,4.525
20230104 13:52:48,269,4004,0.5,792,1,7.21,12.32,11.55,66.24,10.94,7.88,26.37,-18.21,19.47,4.524
20230104 13:52:49,270,4004,0.41,793,1,7.2,12.39,11.55,66.21,10.94,7.88,26.37,-18.21,19.47,4.529
20230104 13:52:50,271,4004,0.46,793,0,6.91,12.39,11.42,66.24,10.81,7.88,26.23,-18.27,19.47,4.523
20230104 13:52:51,272,4004,0.46,797,0,6.96,12.32,11.55,66.24,10.94,7.88,26.16,-18.27,19.47,4.526
20230104 13:52:52,273,4004,0.41,793,-1,6.73,12.32,11.55,66.24,10.88,7.88,26.16,-18.27,19.47,4.528
20230104 13:52:53,274,4004,0.41,793,0,7.05,12.32,11.55,66.24,10.81,7.88,26.16,-18.27,19.34,4.528
20230104 13:52:54,275,4004,0.46,789,0,7.17,12.32,11.55,66.24,10.94,7.88,26.16,-18.27,19.27,4.523
20230104 13:52:55,276,4004,0.46,789,1,7.27,12.32,11.42,66.24,10.88,7.88,26.16,-18.27,19.27,4.519
20230104 13:52:56,277,4004,0.5,789,0,7.49,12.32,11.42,66.24,10.81,7.88,26.02,-18.27,19.27,4.523
20230104 13:52:57,278,4004,0.46,784,0,7.31,12.32,11.42,66.24,10.81,7.88,25.95,-18.27,19.27,4.524
20230104 13:52:58,279,4004,0.46,784,0,6.81,12.32,11.42,66.24,10.88,7.88,25.95,-18.27,19.27,4.527
20230104 13:52:59,280,4004,0.37,789,-1,7.45,12.32,11.42,66.24,10.94,7.88,25.95,-18.27,19.27,4.528
20230104 13:53:00,281,4004,0.46,793,0,7.55,12.32,11.42,66.21,10.94,7.88,25.95,-18.27,19.27,4.522
20230104 13:53:01,282,4004,0.46,794,0,7.24,12.32,11.42,66.27,10.94,7.88,25.95,-18.47,19.27,4.521
20230104 13:53:02,283,4004,0.46,798,0,7.58,12.32,11.42,66.24,10.88,7.88,25.82,-18.53,19.27,4.522
20230104 13:53:03,284,4004,0.41,799,0,7.87,12.32,11.42,66.24,10.94,7.88,25.75,-18.53,19.27,4.527
20230104 13:53:04,285,4004,0.5,797,0,7.09,12.32,11.42,66.27,10.94,8.02,25.75,-18.53,19.27,4.527
20230104 13:53:05,286,4004,0.46,797,0,7.04,12.32,11.42,66.3,10.94,8.09,25.75,-18.53,19.27,4.528
20230104 13:53:06,287,4004,0.41,797,0,7.12,12.32,11.42,66.3,10.94,8.09,25.75,-18.53,19.27,4.527
20230104 13:53:07,288,4004,0.46,799,3,7.45,12.32,11.42,66.3,10.94,8.09,25.61,-18.53,19.27,4.52
20230104 13:53:08,289,4004,0.46,801,1,6.9,12.32,11.42,66.33,10.94,8.09,25.61,-18.66,19.27,4.52
20230104 13:53:09,290,4004,0.46,801,0,7.16,12.32,11.42,66.33,10.94,8.09,25.54,-18.73,19.27,4.526
20230104 13:53:10,291,4004,0.46,799,0,7.37,12.32,11.42,66.35,10.94,8.09,25.54,-18.73,19.27,4.529
20230104 13:53:11,292,4004,0.46,801,0,7.71,12.32,11.42,66.35,10.94,8.09,25.54,-18.73,19.27,4.53
20230104 13:53:12,293,4004,0.46,803,2,7.67,12.32,11.42,66.37,10.88,8.09,25.54,-18.73,19.27,4.526
20230104 13:53:13,294,4004,0.5,801,0,6.7,12.32,11.42,66.34,10.94,8.09,25.54,-18.73,19.27,4.52
20230104 13:53:14,295,4004,0.5,805,0,6.69,12.32,11.42,66.37,10.94,8.09,25.54,-18.86,19.27,4.525
20230104 13:53:15,296,4004,0.5,803,0,6.98,12.32,11.42,66.4,10.94,8.09,25.54,-18.92,19.27,4.526
20230104 13:53:16,297,4004,0.5,801,0,7.23,12.32,11.42,66.4,10.94,8.09,25.4,-18.92,19.27,4.528
20230104 13:53:17,298,4004,0.46,803,2,7.35,12.32,11.42,66.46,10.94,8.09,25.33,-18.92,19.27,4.528
20230104 13:53:18,299,4004,0.46,798,-1,7.7,12.32,11.42,66.46,10.94,8.09,25.33,-18.92,19.27,4.522
20230104 13:53:19,300,4004,0.46,799,1,7.1,12.32,11.42,66.46,10.94,8.09,25.33,-18.92,19.27,4.523
20230104 13:53:20,301,4004,0.41,799,0,6.71,12.32,11.42,66.46,10.94,8.09,25.33,-18.92,19.27,4.521
20230104 13:53:21,302,4004,0.46,801,0,7.39,12.32,11.42,66.46,10.94,8.09,25.33,-18.92,19.14,4.525
20230104 13:53:22,303,4004,0.5,805,0,7.56,12.32,11.42,66.46,10.94,8.22,25.33,-18.92,19.07,4.527
20230104 13:53:23,304,4004,0.46,811,0,7.46,12.32,11.42,66.46,10.94,8.22,25.33,-18.92,19.07,4.527
20230104 13:53:24,305,4004,0.46,809,0,7.05,12.32,11.42,66.48,10.94,8.29,25.33,-18.92,19.07,4.527
20230104 13:53:25,306,4004,0.54,806,0,7.24,12.32,11.42,66.48,10.94,8.29,25.33,-18.92,19.07,4.525
20230104 13:53:26,307,4004,0.46,801,0,7.72,12.32,11.42,66.48,10.94,8.29,25.33,-18.92,19.07,4.523
20230104 13:53:27,308,4004,0.41,798,0,7.41,12.32,11.42,66.48,10.94,8.29,25.19,-18.92,19.07,4.523
20230104 13:53:28,309,4004,0.41,803,0,7.25,12.32,11.42,66.48,10.94,8.29,25.12,-18.92,19.07,4.526
20230104 13:53:29,310,4004,0.46,805,-1,7.54,12.32,11.42,66.48,10.94,8.29,25.12,-18.92,18.93,4.529
20230104 13:53:30,311,4004,0.46,805,1,7.51,12.32,11.42,66.48,10.88,8.29,25.12,-18.92,18.93,4.529
20230104 13:53:31,312,4004,0.46,808,0,7.57,12.32,11.42,66.48,10.94,8.29,25.12,-18.92,18.86,4.528
20230104 13:53:32,313,4004,0.46,808,0,7.49,12.32,11.42,66.48,10.94,8.29,25.12,-18.92,18.93,4.523
20230104 13:53:33,314,4004,0.5,811,0,7.18,12.32,11.42,66.45,10.94,8.29,25.12,-18.92,18.86,4.521
20230104 13:53:34,315,4004,0.46,810,1,7.25,12.32,11.42,66.48,10.94,8.29,25.12,-19.05,18.93,4.524
20230104 13:53:35,316,4004,0.41,811,0,7.4,12.32,11.42,66.48,10.94,8.29,25.12,-19.12,18.86,4.527
20230104 13:53:36,317,4004,0.46,811,0,7.53,12.32,11.42,66.48,10.94,8.29,24.98,-19.12,18.86,4.526
20230104 13:53:37,318,4004,0.41,811,1,7.05,12.32,11.42,66.48,10.94,8.29,24.91,-19.12,18.93,4.525
20230104 13:53:38,319,4004,0.46,810,0,6.94,12.32,11.42,66.45,10.94,8.29,24.91,-19.12,18.86,4.522
20230104 13:53:39,320,4004,0.5,811,0,6.6,12.32,11.42,66.48,10.88,8.29,24.91,-19.12,18.93,4.521
20230104 13:53:40,321,4004,0.37,811,-1,6.95,12.32,11.42,66.48,10.94,8.29,24.91,-19.31,18.93,4.523
20230104 13:53:41,322,4004,0.46,811,0,7.2,12.32,11.42,66.48,10.94,8.29,24.91,-19.38,18.93,4.527
20230104 13:53:42,323,4004,0.46,810,-1,7.13,12.32,11.42,66.48,10.94,8.29,24.91,-19.38,18.93,4.527
20230104 13:53:43,324,4004,0.46,814,0,7.05,12.32,11.42,66.48,10.94,8.29,24.91,-19.38,18.93,4.527
20230104 13:53:44,325,4004,0.41,811,0,7.03,12.32,11.42,66.48,10.94,8.29,24.91,-19.38,18.93,4.523
20230104 13:53:45,326,4004,0.5,809,0,7.01,12.32,11.42,66.46,10.94,8.29,24.91,-19.38,18.93,4.522
20230104 13:53:46,327,4004,0.46,808,0,7.14,12.32,11.42,66.46,10.94,8.29,24.77,-19.38,18.93,4.526
20230104 13:53:47,328,4004,0.46,808,0,7.61,12.32,11.42,66.46,10.94,8.29,24.71,-19.38,18.93,4.528
20230104 13:53:48,329,4004,0.46,808,-1,7.1,12.32,11.42,66.46,10.94,8.29,24.71,-19.51,18.93,4.526
20230104 13:53:49,330,4004,0.5,808,0,7.13,12.32,11.42,66.46,10.94,8.29,24.71,-19.57,18.93,4.526
20230104 13:53:50,331,4004,0.46,808,-1,7.54,12.32,11.42,66.4,10.94,8.29,24.71,-19.57,18.93,4.521
20230104 13:53:51,332,4004,0.54,809,0,7.58,12.32,11.42,66.36,10.94,8.29,24.71,-19.57,18.93,4.521
20230104 13:53:52,333,4004,0.46,806,0,7.18,12.32,11.42,66.37,10.94,8.29,24.71,-19.57,18.93,4.527
20230104 13:53:53,334,4004,0.46,805,2,7.26,12.32,11.42,66.37,10.94,8.29,24.71,-19.51,18.93,4.529
20230104 13:53:54,335,4004,0.46,806,-1,7.24,12.32,11.42,66.37,10.94,8.29,24.71,-19.51,18.93,4.53
20230104 13:53:55,336,4004,0.41,805,2,7.82,12.32,11.42,66.37,10.94,8.29,24.71,-19.51,18.86,4.524
20230104 13:53:56,337,4004,0.5,809,0,7.9,12.32,11.42,66.37,10.94,8.29,24.71,-19.51,18.86,4.524
20230104 13:53:57,338,4004,0.46,810,2,7.44,12.32,11.42,66.37,11,8.29,24.71,-19.51,18.93,4.525
20230104 13:53:58,339,4004,0.46,806,0,7.08,12.32,11.42,66.37,10.94,8.29,24.57,-19.51,18.86,4.524
20230104 13:53:59,340,4004,0.46,805,2,7.13,12.32,11.42,66.37,10.94,8.29,24.57,-19.51,18.86,4.528
20230104 13:54:00,341,4004,0.5,806,0,7.31,12.32,11.42,66.37,10.94,8.29,24.5,-19.57,18.86,4.53
20230104 13:54:01,342,4004,0.46,809,2,7.07,12.32,11.42,66.37,10.94,8.29,24.5,-19.57,18.86,4.525
20230104 13:54:02,343,4004,0.5,808,0,7.26,12.32,11.42,66.37,10.94,8.29,24.5,-19.51,18.86,4.52
20230104 13:54:03,344,4004,0.46,810,0,7.29,12.32,11.42,66.4,11,8.29,24.5,-19.57,18.86,4.524
20230104 13:54:04,345,4004,0.46,810,1,7.19,12.32,11.42,66.36,10.94,8.29,24.5,-19.57,18.86,4.52
20230104 13:54:05,346,4004,0.5,811,0,7.64,12.32,11.42,66.46,10.94,8.29,24.5,-19.57,18.86,4.521
20230104 13:54:06,347,4004,0.46,814,0,7.61,12.32,11.42,66.42,11,8.29,24.5,-19.57,18.86,4.526
20230104 13:54:07,348,4004,0.41,816,0,6.98,12.32,11.42,66.46,10.94,8.29,24.5,-19.57,18.86,4.526
20230104 13:54:08,349,4004,0.5,814,1,6.84,12.32,11.42,66.42,10.94,8.29,24.5,-19.57,18.86,4.527
20230104 13:54:09,350,4004,0.46,809,1,7.13,12.32,11.42,66.46,10.94,8.29,24.5,-19.57,18.86,4.522
20230104 13:54:10,351,4004,0.41,805,1,7.17,12.32,11.42,66.48,11,8.29,24.5,-19.7,18.86,4.52
20230104 13:54:11,352,4004,0.41,806,0,6.95,12.32,11.42,66.45,10.94,8.29,24.5,-19.77,18.86,4.524
20230104 13:54:12,353,4004,0.46,808,4,6.99,12.32,11.42,66.48,11,8.56,24.5,-19.25,18.59,4.526
20230104 13:54:13,354,4004,0.5,806,0,7.51,12.32,11.42,66.5,10.94,8.29,24.29,-19.9,18.86,4.529
20230104 13:54:14,355,4004,0.46,803,0,6.88,12.32,11.42,66.5,10.94,8.29,24.22,-20.16,18.93,4.527
20230104 13:54:15,356,4004,0.46,803,0,8.05,12.32,11.42,66.47,10.94,8.29,24.22,-20.22,18.93,4.524
20230104 13:54:16,357,4004,0.46,801,0,7.35,12.32,11.42,66.5,10.94,8.29,24.22,-20.22,18.93,4.52
20230104 13:54:17,358,4004,0.46,798,-1,7.23,12.32,11.42,66.53,10.94,8.29,24.22,-19.83,18.86,4.522
20230104 13:54:18,359,4004,0.46,799,0,7.33,12.32,11.42,66.53,10.94,8.29,24.22,-19.83,18.86,4.528
20230104 13:54:19,360,4004,0.41,804,0,6.94,12.32,11.42,66.56,10.94,8.29,24.22,-19.83,18.93,4.527
20230104 13:54:20,361,4004,0.41,803,0,7.64,12.32,11.42,66.56,10.94,8.29,24.22,-19.83,18.86,4.53
20230104 13:54:21,362,4004,0.46,805,0,6.72,12.32,11.42,66.56,10.94,8.29,24.22,-19.96,18.93,4.526
20230104 13:54:22,363,4004,0.41,808,0,8.12,12.32,11.55,66.59,10.94,8.29,24.22,-19.96,18.86,4.521
20230104 13:54:23,364,4004,0.5,808,0,7.13,12.32,11.55,66.61,11,8.29,24.22,-19.96,18.93,4.522
20230104 13:54:24,365,4004,0.41,814,3,7.65,12.32,11.42,66.61,10.94,8.29,24.22,-19.96,18.86,4.528
20230104 13:54:25,366,4004,0.46,818,0,7.19,12.32,11.42,66.64,10.94,8.29,24.08,-19.96,18.93,4.528
20230104 13:54:26,367,4004,0.5,820,0,7.23,12.32,11.42,66.64,11,8.43,24.08,-19.9,18.86,4.531
20230104 13:54:27,368,4004,0.41,826,-1,7.45,12.32,11.42,66.66,11.12,8.43,24.01,-20.29,19.07,4.525
20230104 13:54:28,369,4004,0.46,832,0,7.48,12.32,11.55,66.66,11,8.49,24.08,-20.03,19.07,4.522
20230104 13:54:29,370,4004,0.5,833,0,7.32,12.32,11.55,66.66,11.12,8.43,24.01,-20.03,19.07,4.522
20230104 13:54:30,371,4004,0.46,839,0,7.3,12.32,11.55,66.66,11,8.49,24.01,-19.9,18.93,4.528
20230104 13:54:31,372,4004,0.41,843,0,7.89,12.32,11.55,66.66,11,8.43,24.01,-19.96,18.93,4.531
20230104 13:54:32,373,4004,0.46,846,-1,7.07,12.32,11.55,66.75,11,8.49,24.01,-19.96,18.86,4.529
20230104 13:54:33,374,4004,0.41,843,-1,7.51,12.32,11.55,66.72,11,8.43,24.01,-19.96,18.93,4.525
20230104 13:54:34,375,4004,0.41,843,-1,7.44,12.32,11.55,66.72,11.06,8.43,24.01,-19.96,18.86,4.526
20230104 13:54:35,376,4004,0.41,843,0,7.62,12.32,11.55,66.72,11,8.43,24.01,-19.96,18.93,4.526
20230104 13:54:36,377,4004,0.46,842,1,7.71,12.32,11.55,66.72,11,8.43,24.01,-19.96,18.86,4.526
20230104 13:54:37,378,4004,0.46,836,1,7.5,12.32,11.55,66.72,10.94,8.43,24.01,-19.96,18.93,4.527
20230104 13:54:38,379,4004,0.37,833,0,6.98,12.32,11.55,66.72,10.94,8.43,24.01,-19.96,18.86,4.526
20230104 13:54:39,380,4004,0.5,829,0,7.7,12.32,11.55,66.72,11.06,8.43,24.01,-19.96,18.93,4.524
20230104 13:54:40,381,4004,0.41,829,0,7.26,12.32,11.55,66.72,11,8.43,24.01,-20.16,18.93,4.523
20230104 13:54:41,382,4004,0.5,828,1,7.29,12.32,11.55,66.72,11,8.43,24.01,-20.22,18.93,4.522
20230104 13:54:42,383,4004,0.5,830,0,6.94,12.32,11.55,66.72,11,8.43,24.01,-20.22,18.93,4.526
20230104 13:54:43,384,4004,0.5,833,0,7.33,12.32,11.55,66.72,10.94,8.43,24.01,-20.22,18.93,4.528
20230104 13:54:44,385,4004,0.41,837,0,7.85,12.32,11.42,66.72,11,8.43,23.87,-20.22,18.93,4.528
20230104 13:54:45,386,4004,0.46,840,0,7.19,12.32,11.55,66.72,11.06,8.43,23.8,-20.22,18.93,4.531
20230104 13:54:46,387,4004,0.46,836,0,7.05,12.32,11.55,66.72,11,8.43,23.8,-20.22,18.93,4.529
20230104 13:54:47,388,4004,0.5,835,0,7.27,12.32,11.55,66.72,11,8.49,23.8,-20.09,18.86,4.524
20230104 13:54:48,389,4004,0.5,833,0,7.48,12.32,11.55,66.72,11.06,8.43,23.8,-20.35,19.07,4.526
20230104 13:54:49,390,4004,0.5,832,0,7.5,12.32,11.42,66.72,11.12,8.43,23.8,-20.42,19.14,4.524
20230104 13:54:50,391,4004,0.46,829,1,7.33,12.32,11.42,66.72,10.94,8.43,23.8,-20.42,19.07,4.528
20230104 13:54:51,392,4004,0.46,831,-1,7.03,12.32,11.55,66.75,11.06,8.43,23.8,-20.42,19.14,4.53
20230104 13:54:52,393,4004,0.41,831,0,7.02,12.32,11.42,66.74,11.06,8.43,23.8,-20.42,19.07,4.525
20230104 13:54:53,394,4004,0.46,833,0,7.17,12.32,11.55,66.74,11.12,8.43,23.8,-20.42,19.07,4.523
20230104 13:54:54,395,4004,0.5,833,1,7.26,12.32,11.42,66.74,10.94,8.43,23.8,-20.35,19.07,4.525
20230104 13:54:55,396,4004,0.46,831,1,7.18,12.32,11.42,66.78,11,8.43,23.8,-20.42,19.07,4.527
20230104 13:54:56,397,4004,0.46,831,3,7.03,12.32,11.42,66.77,11.06,8.43,23.8,-20.35,19.07,4.527
20230104 13:54:57,398,4004,0.46,827,1,7.01,12.32,11.55,66.77,11.06,8.43,23.8,-20.35,19.07,4.531
20230104 13:54:58,399,4004,0.5,824,0,7.44,12.32,11.42,66.77,11.12,8.43,23.8,-20.42,19.07,4.526
20230104 13:54:59,400,4004,0.46,827,0,7.21,12.32,11.42,66.79,11.12,8.43,23.8,-20.42,19.07,4.52
20230104 13:55:00,401,4004,0.54,824,1,7.2,12.32,11.42,66.78,11.12,8.43,23.8,-20.35,19.07,4.525
20230104 13:55:01,402,4004,0.5,823,0,7.12,12.32,11.42,66.81,11.06,8.43,23.66,-20.35,19.07,4.526
20230104 13:55:02,403,4004,0.46,828,-1,7.54,12.32,11.42,66.85,11,8.43,23.59,-20.35,19.07,4.529
20230104 13:55:03,404,4004,0.5,829,0,7.57,12.32,11.42,66.85,11.12,8.43,23.59,-20.42,19.07,4.53
20230104 13:55:04,405,4004,0.5,829,0,6.99,12.32,11.42,66.87,11.12,8.43,23.59,-20.35,19.07,4.526
20230104 13:55:05,406,4004,0.46,832,1,6.56,12.32,11.42,66.9,11.12,8.43,23.59,-20.42,19.07,4.524
20230104 13:55:06,407,4004,0.5,835,1,7.12,12.32,11.42,66.9,11.12,8.43,23.59,-20.42,19.07,4.525
20230104 13:55:07,408,4004,0.5,840,1,7.15,12.32,11.42,66.9,11.06,8.43,23.59,-20.42,19.07,4.526
20230104 13:55:08,409,4004,0.5,841,0,7.38,12.32,11.42,66.92,11.06,8.43,23.59,-20.42,19.07,4.529
20230104 13:55:09,410,4004,0.5,844,-1,6.66,12.32,11.42,66.92,11.12,8.43,23.59,-20.42,19.07,4.527
20230104 13:55:10,411,4004,0.5,842,0,7.38,12.32,11.42,66.98,11.06,8.43,23.59,-20.55,19.07,4.528
20230104 13:55:11,412,4004,0.54,842,0,7.98,12.32,11.42,66.98,11.06,8.43,23.59,-20.61,19.07,4.524
20230104 13:55:12,413,4004,0.46,840,0,7.4,12.32,11.42,66.98,11.12,8.43,23.59,-20.61,19.07,4.524
20230104 13:55:13,414,4004,0.54,840,0,7.47,12.32,11.42,66.98,11,8.43,23.59,-20.61,19.14,4.525
20230104 13:55:14,415,4004,0.59,842,-1,7.3,12.32,11.42,66.98,11.12,8.43,23.59,-20.61,19.07,4.527
20230104 13:55:15,416,4004,0.59,844,0,7.54,12.32,11.42,67,11.12,8.43,23.59,-20.61,19.14,4.531
20230104 13:55:16,417,4004,0.54,842,1,6.97,12.32,11.42,67,11,8.43,23.59,-20.61,19.14,4.529
20230104 13:55:17,418,4004,0.46,840,0,7.11,12.32,11.42,67,11,8.43,23.59,-20.61,19.14,4.523
20230104 13:55:18,419,4004,0.5,841,-1,7.26,12.32,11.42,67,11.06,8.43,23.46,-20.61,19.14,4.525
20230104 13:55:19,420,4004,0.59,840,-1,7.66,12.32,11.42,67,11.12,8.43,23.39,-20.81,19.14,4.526
20230104 13:55:20,421,4004,0.54,842,-1,7.12,12.32,11.42,67,11,8.43,23.46,-20.74,19.14,4.526
20230104 13:55:21,422,4004,0.5,836,0,7.08,12.32,11.42,67.03,11.06,8.43,23.39,-20.87,19.14,4.53
20230104 13:55:22,423,4004,0.54,832,-1,7.09,12.32,11.42,67.03,11.12,8.43,23.39,-20.87,19.14,4.526
20230104 13:55:23,424,4004,0.46,829,0,7.55,12.32,11.42,67.03,11.06,8.43,23.39,-20.87,19.14,4.521
20230104 13:55:24,425,4004,0.46,823,0,7.18,12.32,11.42,67.03,11.19,8.43,23.39,-20.87,19.14,4.526
20230104 13:55:25,426,4004,0.5,822,0,7.55,12.32,11.42,67.03,11.06,8.43,23.39,-20.87,19.14,4.525
20230104 13:55:26,427,4004,0.54,817,0,7.55,12.32,11.42,67.03,11.12,8.43,23.39,-20.87,19.14,4.526
20230104 13:55:27,428,4004,0.54,815,0,7.25,12.32,11.42,67.03,11.12,8.43,23.39,-20.87,19.14,4.527
20230104 13:55:28,429,4004,0.54,818,0,6.75,12.32,11.42,67.03,11.12,8.43,23.39,-20.87,19.14,4.529
20230104 13:55:29,430,4004,0.5,818,0,7.39,12.32,11.42,67.03,11.12,8.43,23.39,-20.87,19.14,4.529
20230104 13:55:30,431,4004,0.54,812,-1,7.22,12.32,11.42,67.03,11.06,8.43,23.39,-20.74,19.14,4.524
20230104 13:55:31,432,4004,0.5,810,1,6.93,12.32,11.42,67.03,11.12,8.43,23.39,-20.74,19.14,4.524
20230104 13:55:32,433,4004,0.46,812,0,7.21,12.32,11.42,67,11.12,8.43,23.39,-20.87,19.14,4.526
20230104 13:55:33,434,4004,0.54,812,-1,7.98,12.32,11.42,67,11,8.43,23.39,-20.87,19.14,4.527
20230104 13:55:34,435,4004,0.54,809,3,7.11,12.32,11.42,67,11.06,8.43,23.39,-20.74,19.14,4.528
20230104 13:55:35,436,4004,0.5,809,0,6.71,12.32,11.42,67,11.06,8.43,23.39,-20.87,19.14,4.528
20230104 13:55:36,437,4004,0.5,812,0,6.94,12.32,11.42,67,11.06,8.29,23.39,-21,19.27,4.526
20230104 13:55:37,438,4004,0.54,812,0,7.7,12.32,11.42,67,11.12,8.29,23.39,-21,19.27,4.522
20230104 13:55:38,439,4004,0.5,812,0,7.02,12.32,11.42,67,11.06,8.22,23.25,-21,19.27,4.526
20230104 13:55:39,440,4004,0.46,812,-1,7.12,12.32,11.42,67,11.06,8.22,23.18,-21,19.27,4.527
20230104 13:55:40,441,4004,0.5,812,0,7.3,12.32,11.42,66.94,11.06,8.22,23.18,-21,19.27,4.528
20230104 13:55:41,442,4004,0.54,812,1,6.95,12.32,11.42,66.98,11.06,8.22,23.18,-21.07,19.27,4.527
20230104 13:55:42,443,4004,0.5,812,0,7.38,12.32,11.42,66.98,11.06,8.22,23.18,-21.07,19.27,4.527
20230104 13:55:43,444,4004,0.5,814,0,7.39,12.32,11.42,66.98,11.06,8.22,23.18,-21.07,19.27,4.526
20230104 13:55:44,445,4004,0.5,815,0,7.09,12.32,11.42,66.98,11.12,8.29,23.18,-21,19.27,4.527
20230104 13:55:45,446,4004,0.54,819,0,7.54,12.32,11.42,66.92,11.06,8.22,23.18,-21.33,19.47,4.526
20230104 13:55:46,447,4004,0.5,823,-1,6.77,12.32,11.42,66.92,11.12,8.29,23.18,-21.07,19.34,4.529
20230104 13:55:47,448,4004,0.54,828,1,7.36,12.32,11.42,66.92,11.12,8.22,23.18,-21.07,19.34,4.528
20230104 13:55:48,449,4004,0.54,829,0,7.76,12.32,11.42,66.92,11.06,8.29,23.18,-20.81,19.14,4.526
20230104 13:55:49,450,4004,0.54,827,-1,7.41,12.32,11.42,66.92,11.19,8.29,23.18,-21.13,19.14,4.523
20230104 13:55:50,451,4004,0.5,822,-1,6.88,12.32,11.42,66.92,11.12,8.29,23.18,-21.13,19.27,4.522
20230104 13:55:51,452,4004,0.5,822,1,7.2,12.32,11.42,66.92,11.12,8.22,23.18,-21.13,19.34,4.526
20230104 13:55:52,453,4004,0.5,827,-1,7.42,12.32,11.42,66.92,11.06,8.22,23.18,-21.26,19.34,4.532
20230104 13:55:53,454,4004,0.59,827,-1,6.91,12.32,11.42,66.98,11.06,8.22,23.18,-21.26,19.34,4.53
20230104 13:55:54,455,4004,0.5,828,0,6.53,12.32,11.42,66.98,11.12,8.09,23.04,-21.72,19.81,4.527
20230104 13:55:55,456,4004,0.54,827,-1,7.27,12.32,11.42,66.98,11.19,8.22,23.04,-21.2,19.41,4.525
20230104 13:55:56,457,4004,0.5,824,-1,7.27,12.32,11.42,66.98,11.19,8.22,22.97,-21.39,19.54,4.526
20230104 13:55:57,458,4004,0.5,821,-1,7.23,12.32,11.42,66.98,11.19,8.29,23.04,-21.13,19.2,4.526
20230104 13:55:58,459,4004,0.54,819,-1,7.43,12.32,11.42,66.98,11.19,8.29,22.97,-21.13,19.2,4.531
20230104 13:55:59,460,4004,0.54,823,0,7.24,12.32,11.42,66.98,11.19,8.22,22.97,-21.13,19.47,4.531
20230104 13:56:00,461,4004,0.46,822,-1,7.13,12.32,11.42,66.98,11.19,8.22,22.97,-21.13,19.47,4.526
20230104 13:56:01,462,4004,0.54,817,0,7.49,12.32,11.42,66.98,11.19,8.22,23.04,-21.13,19.34,4.523
20230104 13:56:02,463,4004,0.46,812,0,6.87,12.32,11.42,67.01,11.19,8.22,22.97,-21.26,19.34,4.527
20230104 13:56:03,464,4004,0.5,809,1,7.37,12.32,11.42,66.94,11.12,8.22,22.97,-21.39,19.47,4.53
20230104 13:56:04,465,4004,0.46,812,-1,7.45,12.32,11.42,66.98,11.12,8.22,22.97,-21.39,19.47,4.531
20230104 13:56:05,466,4004,0.46,815,0,7.23,12.32,11.42,66.98,11.12,8.22,22.97,-21.26,19.47,4.527
20230104 13:56:06,467,4004,0.5,812,0,6.64,12.32,11.42,66.98,11.12,8.22,22.97,-21.26,19.47,4.526
20230104 13:56:07,468,4004,0.5,809,0,7.25,12.32,11.42,66.98,11.19,8.22,22.97,-21.26,19.47,4.523
20230104 13:56:08,469,4004,0.54,807,-1,6.59,12.32,11.42,66.98,11.19,8.22,22.97,-21.26,19.47,4.525
20230104 13:56:09,470,4004,0.54,803,0,7.27,12.32,11.42,66.98,11.19,8.22,22.97,-21.39,19.47,4.525
20230104 13:56:10,471,4004,0.5,804,-1,6.9,12.32,11.42,67,11.19,8.22,22.97,-21.46,19.54,4.526
20230104 13:56:11,472,4004,0.46,804,-1,7.1,12.32,11.42,67,11.12,8.22,22.97,-21.39,19.47,4.525
20230104 13:56:12,473,4004,0.5,805,1,7.5,12.32,11.42,67,11.19,8.09,22.97,-21.78,19.75,4.53
20230104 13:56:13,474,4004,0.5,809,0,7.82,12.18,11.42,67.03,11.19,8.09,22.97,-21.65,19.54,4.524
20230104 13:56:14,475,4004,0.54,804,0,7.25,12.18,11.42,67.06,11.19,8.02,22.97,-21.72,19.54,4.523
20230104 13:56:15,476,4004,0.5,805,2,7.33,12.18,11.42,67.05,11.19,8.09,22.97,-21.59,19.47,4.525
20230104 13:56:16,477,4004,0.54,804,1,7.18,12.18,11.42,67.05,11.12,8.09,22.97,-21.59,19.47,4.525
20230104 13:56:17,478,4004,0.5,803,0,7.86,12.18,11.42,67.08,11.12,8.09,22.97,-21.59,19.47,4.529
20230104 13:56:18,479,4004,0.5,805,0,6.71,12.11,11.42,67.11,11.19,8.09,22.97,-21.72,19.54,4.531
20230104 13:56:19,480,4004,0.5,804,0,7.15,12.11,11.42,67.08,11.19,8.09,22.83,-21.59,19.47,4.526
20230104 13:56:20,481,4004,0.46,805,-1,7.04,12.11,11.42,67.1,11.12,8.09,22.76,-21.72,19.47,4.526
20230104 13:56:21,482,4004,0.5,804,0,7.39,12.11,11.42,67.1,11.12,8.09,22.76,-21.72,19.47,4.526
20230104 13:56:22,483,4004,0.5,805,0,7.41,12.18,11.42,67.13,11.19,8.09,22.76,-21.72,19.54,4.525
20230104 13:56:23,484,4004,0.5,809,1,7.13,12.11,11.42,67.13,11.19,8.09,22.76,-21.72,19.47,4.528
20230104 13:56:24,485,4004,0.46,807,0,7.32,12.18,11.42,67.13,11.25,8.09,22.76,-21.72,19.47,4.528
20230104 13:56:25,486,4004,0.5,803,-1,7.56,12.11,11.42,67.17,11.19,8.09,22.76,-21.72,19.54,4.525
20230104 13:56:26,487,4004,0.5,802,-1,7.23,12.18,11.42,67.13,11.19,8.09,22.76,-21.72,19.54,4.524
20230104 13:56:27,488,4004,0.46,798,-1,7.33,12.11,11.55,67.13,11.19,8.09,22.76,-21.72,19.54,4.523
20230104 13:56:28,489,4004,0.5,799,-1,7.58,12.11,11.55,67.16,11.19,8.09,22.76,-21.72,19.54,4.522
20230104 13:56:29,490,4004,0.46,802,1,7.21,12.11,11.55,67.13,11.12,8.09,22.76,-21.72,19.75,4.526
20230104 13:56:30,491,4004,0.41,803,0,7.36,12.11,11.55,67.17,11.19,8.09,22.76,-21.59,19.54,4.526
20230104 13:56:31,492,4004,0.46,797,0,6.86,12.11,11.55,67.13,11.19,8.09,22.76,-21.72,19.54,4.523
20230104 13:56:32,493,4004,0.54,798,0,7.48,12.11,11.69,67.13,11.25,8.09,22.76,-21.72,19.54,4.522
20230104 13:56:33,494,4004,0.54,802,0,7.23,12.11,11.76,67.13,11.25,8.09,22.76,-21.72,19.54,4.522
20230104 13:56:34,495,4004,0.46,805,1,7.82,12.18,11.76,67.13,11.25,8.09,22.76,-21.72,19.54,4.526
20230104 13:56:35,496,4004,0.5,807,0,7.32,12.11,11.76,67.13,11.19,8.02,22.76,-21.72,19.47,4.526
20230104 13:56:36,497,4004,0.46,807,0,7.87,12.11,11.76,67.13,11.19,8.02,22.76,-21.72,19.47,4.527
20230104 13:56:37,498,4004,0.54,804,-1,7.74,12.11,11.76,67.13,11.19,8.02,22.76,-21.72,19.47,4.527
20230104 13:56:38,499,4004,0.46,799,1,7.4,12.11,11.69,67.13,11.19,8.02,22.76,-21.72,19.47,4.522
20230104 13:56:39,500,4004,0.5,803,0,6.85,12.11,11.69,67.1,11.25,8.02,22.76,-21.72,19.34,4.521
20230104 13:56:40,501,4004,0.59,804,-1,6.72,12.11,11.49,67.1,11.25,8.02,22.76,-21.72,19.27,4.522
20230104 13:56:41,502,4004,0.46,809,1,7.08,12.18,11.42,67.1,11.19,8.02,22.76,-21.72,19.27,4.527
20230104 13:56:42,503,4004,0.5,812,1,7.05,12.11,11.28,67.08,11.25,8.02,22.76,-21.72,19.27,4.526
20230104 13:56:43,504,4004,0.41,812,-1,7.66,12.11,11.28,67.11,11.19,8.02,22.62,-21.72,19.27,4.524
20230104 13:56:44,505,4004,0.54,812,0,7.85,12.18,11.49,67.05,11.25,8.02,22.55,-21.72,19.34,4.52
20230104 13:56:45,506,4004,0.5,818,-1,7.65,12.18,11.55,67.05,11.19,8.02,22.55,-21.72,19.34,4.522
20230104 13:56:46,507,4004,0.5,818,0,7.52,12.18,11.55,67.03,11.19,8.02,22.55,-21.72,19.34,4.523
20230104 13:56:47,508,4004,0.5,817,1,7.3,12.11,11.69,67.03,11.19,8.02,22.55,-21.72,19.34,4.527
20230104 13:56:48,509,4004,0.46,818,-1,7.28,12.11,11.76,67.03,11.25,8.02,22.55,-21.72,19.34,4.528
20230104 13:56:49,510,4004,0.5,819,-1,7.27,12.18,11.76,67,11.12,8.02,22.55,-21.85,19.34,4.528
20230104 13:56:50,511,4004,0.5,818,0,7.59,12.18,11.76,67,11.19,8.02,22.55,-21.91,19.34,4.527
20230104 13:56:51,512,4004,0.5,817,0,7.19,12.18,11.76,66.98,11.19,8.02,22.55,-21.91,19.34,4.524
20230104 13:56:52,513,4004,0.54,818,-1,7.52,12.11,11.76,66.98,11.19,8.02,22.55,-21.91,19.27,4.521
20230104 13:56:53,514,4004,0.54,817,0,6.78,12.18,11.76,66.92,11.25,8.02,22.55,-21.91,19.34,4.522
20230104 13:56:54,515,4004,0.54,822,0,7.1,12.18,11.76,66.92,11.19,8.02,22.55,-22.04,19.34,4.526
20230104 13:56:55,516,4004,0.54,818,-1,7.62,12.18,11.76,66.93,11.25,8.02,22.55,-22.11,19.47,4.527
20230104 13:56:56,517,4004,0.54,812,3,6.93,12.18,11.76,66.9,11.19,8.02,22.55,-22.11,19.47,4.527
20230104 13:56:57,518,4004,0.5,812,-1,7.28,12.11,11.76,66.87,11.19,8.02,22.55,-22.11,19.47,4.522
20230104 13:56:58,519,4004,0.5,815,0,7.62,12.11,11.76,66.87,11.25,8.02,22.55,-22.11,19.54,4.522
20230104 13:56:59,520,4004,0.54,821,1,7.73,12.11,11.76,66.87,11.19,8.02,22.55,-22.11,19.54,4.522
20230104 13:57:00,521,4004,0.54,815,1,7.7,12.18,11.76,66.85,11.19,8.02,22.55,-22.11,19.54,4.528
20230104 13:57:01,522,4004,0.54,818,1,7.67,12.18,11.76,66.85,11.25,8.02,22.55,-22.11,19.54,4.529
20230104 13:57:02,523,4004,0.41,817,-1,8.15,12.11,11.76,66.85,11.38,8.02,22.42,-22.11,19.54,4.526
20230104 13:57:03,524,4004,0.5,819,-1,7.3,12.18,11.76,66.85,11.25,8.02,22.35,-22.11,19.54,4.526
20230104 13:57:04,525,4004,0.5,817,1,7.41,12.11,11.76,66.85,11.19,8.02,22.35,-22.11,19.54,4.519
20230104 13:57:05,526,4004,0.5,814,1,7.65,12.18,11.76,66.85,11.31,8.02,22.35,-22.3,19.54,4.522
20230104 13:57:06,527,4004,0.59,815,0,7.29,12.11,11.76,66.85,11.12,8.02,22.35,-22.24,19.54,4.528
20230104 13:57:07,528,4004,0.46,815,-1,7.48,12.18,11.76,66.85,11.31,8.02,22.35,-22.37,19.75,4.526
20230104 13:57:08,529,4004,0.54,817,-1,7.12,12.18,11.76,66.87,11.19,8.02,22.35,-22.37,19.68,4.529
20230104 13:57:09,530,4004,0.5,812,1,7.05,12.11,11.76,66.9,11.19,8.02,22.35,-22.37,19.81,4.525
20230104 13:57:10,531,4004,0.5,809,0,7.79,12.11,11.76,66.9,11.25,8.02,22.35,-22.37,19.68,4.523
20230104 13:57:11,532,4004,0.5,812,0,7.05,12.11,11.76,66.9,11.25,8.02,22.35,-22.24,19.68,4.527
20230104 13:57:12,533,4004,0.46,812,0,7.33,12.11,11.76,66.92,11.19,8.02,22.35,-22.24,19.81,4.525
20230104 13:57:13,534,4004,0.5,812,-1,7.88,12.11,11.76,67.01,11.19,8.02,22.35,-22.24,19.81,4.529
20230104 13:57:14,535,4004,0.54,807,-1,7.58,12.11,11.76,66.98,11.25,7.88,22.35,-22.5,19.95,4.528
20230104 13:57:15,536,4004,0.5,810,-1,6.94,12.11,11.76,67,11.12,7.88,22.35,-22.3,19.75,4.525
20230104 13:57:16,537,4004,0.5,812,0,7.58,12.11,11.76,67,11.19,7.88,22.35,-22.24,19.68,4.522
20230104 13:57:17,538,4004,0.5,812,1,7.22,12.11,11.76,67.03,11.19,7.88,22.35,-22.24,19.68,4.526
20230104 13:57:18,539,4004,0.46,812,0,6.91,12.11,11.76,67.03,11.31,7.88,22.35,-22.37,19.81,4.528
20230104 13:57:19,540,4004,0.5,812,1,7.5,12.18,11.76,67.03,11.31,7.81,22.35,-22.37,19.68,4.526
20230104 13:57:20,541,4004,0.5,810,0,7.85,12.11,11.76,67.03,11.38,7.81,22.35,-22.37,19.68,4.526
20230104 13:57:21,542,4004,0.59,810,0,7.56,12.11,11.76,67.03,11.25,7.81,22.35,-22.37,19.81,4.524
20230104 13:57:22,543,4004,0.5,809,1,7.53,12.11,11.76,67.03,11.25,7.81,22.35,-22.37,19.68,4.519
20230104 13:57:23,544,4004,0.5,805,1,7.03,12.11,11.76,67.03,11.12,7.81,22.14,-22.37,19.81,4.526
20230104 13:57:24,545,4004,0.54,805,1,7.74,12.11,11.76,67.03,11.31,7.81,22.21,-22.37,19.68,4.526
20230104 13:57:25,546,4004,0.46,804,-1,7.41,12.11,11.76,67.03,11.25,7.81,22.07,-22.37,19.81,4.528
20230104 13:57:26,547,4004,0.54,798,-1,7.33,12.11,11.76,67.06,11.25,7.81,22.07,-22.37,19.81,4.53
20230104 13:57:27,548,4004,0.5,799,0,7.21,12.11,11.76,67.03,11.19,7.81,22.07,-22.37,19.81,4.526
20230104 13:57:28,549,4004,0.5,797,0,7.46,12.11,11.76,67.03,11.19,7.81,22.07,-22.37,19.81,4.524
20230104 13:57:29,550,4004,0.46,796,0,7.27,12.11,11.76,67.03,11.31,7.81,22.07,-22.37,19.81,4.526
20230104 13:57:30,551,4004,0.54,796,0,7.4,12.11,11.76,67.03,11.31,7.81,22.07,-22.5,19.81,4.523
20230104 13:57:31,552,4004,0.59,794,0,7.57,12.11,11.76,67,11.25,7.81,22.07,-22.56,19.81,4.526
20230104 13:57:32,553,4004,0.54,797,0,7.63,12.11,11.76,67,11.19,7.81,22.07,-22.56,19.81,4.526
20230104 13:57:33,554,4004,0.46,796,0,7.53,12.11,11.76,67,11.25,7.81,22.07,-22.56,19.81,4.531
20230104 13:57:34,555,4004,0.54,794,-1,7.21,12.11,11.76,66.98,11.19,7.81,22.07,-22.56,19.81,4.526
20230104 13:57:35,556,4004,0.5,792,0,7.48,12.11,11.76,66.98,11.19,7.81,22.07,-22.56,19.81,4.524
20230104 13:57:36,557,4004,0.46,793,0,7.41,12.11,11.76,66.98,11.31,7.81,22.07,-22.56,19.81,4.526
20230104 13:57:37,558,4004,0.5,794,1,7.5,12.11,11.76,66.92,11.25,7.81,22.07,-22.56,19.95,4.527
20230104 13:57:38,559,4004,0.46,797,0,7.36,12.11,11.76,66.92,11.25,7.81,22.07,-22.69,20.02,4.529
20230104 13:57:39,560,4004,0.41,794,0,7.03,12.11,11.76,66.93,11.25,7.81,22.07,-22.76,20.02,4.528
20230104 13:57:40,561,4004,0.5,796,0,7.08,12.11,11.76,66.87,11.25,7.81,22.07,-22.76,20.02,4.523
20230104 13:57:41,562,4004,0.5,794,-1,7.79,12.11,11.76,66.87,11.25,7.81,22.07,-22.76,20.02,4.52
20230104 13:57:42,563,4004,0.5,791,1,7.36,12.11,11.76,66.85,11.19,7.81,22.07,-22.76,20.02,4.525
20230104 13:57:43,564,4004,0.46,789,0,7.71,12.11,11.76,66.85,11.31,7.81,21.93,-22.76,20.02,4.525
20230104 13:57:44,565,4004,0.41,791,0,6.94,12.11,11.76,66.81,11.31,7.81,21.86,-22.76,20.02,4.526
20230104 13:57:45,566,4004,0.46,791,0,7.2,12.11,11.76,66.81,11.19,7.81,21.86,-22.76,20.02,4.531
20230104 13:57:46,567,4004,0.5,791,1,7.26,12.11,11.76,66.79,11.25,7.81,21.86,-22.76,20.15,4.525
20230104 13:57:47,568,4004,0.5,794,0,7.65,12.11,11.76,66.79,11.31,7.81,21.86,-22.76,20.15,4.521
20230104 13:57:48,569,4004,0.54,792,1,7.62,12.11,11.76,66.77,11.31,7.81,21.86,-22.76,20.22,4.524
20230104 13:57:49,570,4004,0.5,785,-1,7.66,12.11,11.76,66.77,11.25,7.81,21.86,-22.89,20.15,4.526
20230104 13:57:50,571,4004,0.5,783,-1,7.1,12.11,11.76,66.74,11.31,7.81,21.86,-22.95,20.22,4.528
20230104 13:57:51,572,4004,0.46,782,0,7.18,12.11,11.76,66.74,11.31,7.81,21.86,-22.95,20.22,4.531
20230104 13:57:52,573,4004,0.5,785,-1,6.67,12.11,11.76,66.74,11.38,7.81,21.86,-22.95,20.22,4.529
20230104 13:57:53,574,4004,0.54,789,-1,7.52,12.11,11.76,66.72,11.31,7.81,21.86,-22.95,20.22,4.525
20230104 13:57:54,575,4004,0.41,792,0,7.69,12.11,11.76,66.66,11.31,7.81,21.86,-22.95,20.22,4.522
20230104 13:57:55,576,4004,0.41,787,0,7.47,12.11,11.76,66.66,11.25,7.81,21.86,-22.95,20.22,4.529
20230104 13:57:56,577,4004,0.54,792,-1,7.35,12.11,11.76,66.66,11.31,7.81,21.86,-22.95,20.22,4.527
20230104 13:57:57,578,4004,0.5,789,0,7.39,12.11,11.76,66.64,11.31,7.81,21.86,-22.95,20.22,4.526
20230104 13:57:58,579,4004,0.54,785,0,7.75,12.11,11.76,66.64,11.38,7.81,21.86,-22.95,20.22,4.526
20230104 13:57:59,580,4004,0.41,786,0,7.43,12.11,11.76,66.61,11.25,7.81,21.86,-22.95,20.22,4.524
20230104 13:58:00,581,4004,0.5,786,1,7.25,12.11,11.76,66.61,11.25,7.81,21.86,-22.95,20.22,4.525
20230104 13:58:01,582,4004,0.54,787,0,7.14,12.11,11.76,66.61,11.25,7.81,21.86,-22.95,20.22,4.528
20230104 13:58:02,583,4004,0.5,786,0,7.62,12.11,11.76,66.61,11.31,7.81,21.86,-22.95,20.22,4.528
20230104 13:58:03,584,4004,0.54,792,0,7.62,12.11,11.76,66.61,11.19,7.81,21.86,-23.15,20.36,4.528
20230104 13:58:04,585,4004,0.5,794,1,7.78,12.11,11.76,66.61,11.31,7.81,21.86,-23.21,20.42,4.526
20230104 13:58:05,586,4004,0.41,796,0,7.83,12.11,11.76,66.59,11.19,7.81,21.86,-23.21,20.42,4.525
20230104 13:58:06,587,4004,0.5,793,0,7.35,12.11,11.76,66.59,11.25,7.81,21.72,-23.21,20.42,4.522
20230104 13:58:07,588,4004,0.5,791,0,7.54,12.11,11.76,66.59,11.31,7.81,21.65,-23.21,20.42,4.526
20230104 13:58:08,589,4004,0.46,785,0,7.3,12.11,11.76,66.59,11.31,7.81,21.72,-23.21,20.42,4.529
20230104 13:58:09,590,4004,0.46,787,0,7.37,12.11,11.76,66.56,11.25,7.61,21.65,-23.21,20.42,4.529
20230104 13:58:10,591,4004,0.46,785,2,7.22,12.11,11.76,66.56,11.38,7.68,21.65,-23.21,20.42,4.524
20230104 13:58:11,592,4004,0.54,782,0,6.94,12.11,11.76,66.56,11.38,7.54,21.65,-23.21,20.42,4.529
20230104 13:58:12,593,4004,0.5,780,-1,7.25,12.11,11.76,66.56,11.31,7.68,21.65,-23.21,20.42,4.522
20230104 13:58:13,594,4004,0.5,782,-1,7.27,12.11,11.76,66.53,11.31,7.54,21.65,-23.08,20.42,4.521
20230104 13:58:14,595,4004,0.46,785,-1,7.3,12.11,11.76,66.5,11.25,7.68,21.65,-23.21,20.42,4.526
20230104 13:58:15,596,4004,0.54,782,0,6.88,12.11,11.76,66.5,11.38,7.54,21.65,-23.21,20.42,4.527
20230104 13:58:16,597,4004,0.46,783,-1,7.37,12.11,11.76,66.5,11.38,7.54,21.65,-23.21,20.42,4.528
20230104 13:58:17,598,4004,0.54,785,0,6.72,12.11,11.76,66.48,11.25,7.54,21.65,-23.21,20.42,4.529
20230104 13:58:18,599,4004,0.46,789,0,7.71,12.11,11.76,66.48,11.31,7.54,21.65,-23.21,20.42,4.524
20230104 13:58:19,600,4004,0.5,794,0,7.69,12.11,11.76,66.46,11.31,7.54,21.65,-23.21,20.42,4.52
20230104 13:58:20,601,4004,0.5,792,0,7.3,12.11,11.76,66.46,11.31,7.54,21.65,-23.21,20.42,4.525
20230104 13:58:21,602,4004,0.46,792,0,6.87,12.11,11.76,66.46,11.31,7.54,21.65,-23.21,20.42,4.527
20230104 13:58:22,603,4004,0.54,789,-1,6.73,12.11,11.76,66.4,11.25,7.54,21.65,-23.21,20.42,4.529
20230104 13:58:23,604,4004,0.54,789,3,7.12,12.11,11.76,66.37,11.31,7.54,21.65,-23.21,20.42,4.526
20230104 13:58:24,605,4004,0.5,791,0,7.4,12.11,11.76,66.37,11.31,7.54,21.65,-23.21,20.42,4.524
20230104 13:58:25,606,4004,0.5,786,-1,7.45,12.11,11.76,66.37,11.31,7.54,21.65,-23.21,20.56,4.522
20230104 13:58:26,607,4004,0.5,791,0,6.55,12.11,11.76,66.35,11.25,7.54,21.65,-23.21,20.56,4.526
20230104 13:58:27,608,4004,0.5,786,0,7.45,12.11,11.76,66.35,11.31,7.54,21.65,-23.21,20.63,4.528
20230104 13:58:28,609,4004,0.5,785,1,7.48,12.11,11.76,66.33,11.31,7.54,21.65,-23.21,20.56,4.531
20230104 13:58:29,610,4004,0.54,783,-1,6.88,12.11,11.76,66.33,11.31,7.54,21.65,-23.21,20.63,4.526
20230104 13:58:30,611,4004,0.54,787,0,6.9,12.11,11.76,66.3,11.25,7.54,21.65,-23.21,20.63,4.524
20230104 13:58:31,612,4004,0.46,785,1,7.61,12.11,11.76,66.3,11.31,7.54,21.65,-23.21,20.63,4.523
20230104 13:58:32,613,4004,0.5,787,1,8.09,12.11,11.76,66.27,11.31,7.54,21.65,-23.21,20.63,4.525
20230104 13:58:33,614,4004,0.5,783,-1,7.71,12.11,11.76,66.27,11.25,7.54,21.51,-23.21,20.63,4.526
20230104 13:58:34,615,4004,0.5,787,0,7.32,12.11,11.76,66.27,11.25,7.54,21.44,-23.34,20.63,4.527
20230104 13:58:35,616,4004,0.54,791,0,7.31,12.11,11.76,66.24,11.38,7.54,21.51,-23.34,20.63,4.528
20230104 13:58:36,617,4004,0.46,789,0,7.72,12.11,11.76,66.24,11.31,7.54,21.44,-23.41,20.63,4.526
20230104 13:58:37,618,4004,0.5,789,-1,7.25,12.11,11.76,66.22,11.31,7.54,21.44,-23.34,20.63,4.52
20230104 13:58:38,619,4004,0.5,783,1,7.15,12.11,11.76,66.22,11.31,7.54,21.44,-23.41,20.63,4.526
20230104 13:58:39,620,4004,0.46,782,-1,7.41,12.11,11.76,66.22,11.38,7.54,21.44,-23.41,20.76,4.525
20230104 13:58:40,621,4004,0.5,782,2,6.87,12.11,11.76,66.22,11.31,7.54,21.44,-23.41,20.76,4.527
20230104 13:58:41,622,4004,0.5,781,0,7.35,12.11,11.76,66.17,11.31,7.54,21.44,-23.41,20.83,4.525
20230104 13:58:42,623,4004,0.54,775,0,7.63,12.11,11.76,66.17,11.31,7.54,21.44,-23.34,20.76,4.524
20230104 13:58:43,624,4004,0.54,774,-1,7.09,12.11,11.76,66.17,11.38,7.54,21.44,-23.41,20.76,4.52
20230104 13:58:44,625,4004,0.5,775,0,7.67,12.11,11.76,66.17,11.31,7.54,21.44,-23.41,20.83,4.525
20230104 13:58:45,626,4004,0.54,775,0,7.19,12.11,11.76,66.17,11.25,7.54,21.44,-23.41,20.76,4.528
20230104 13:58:46,627,4004,0.54,777,-1,7.53,12.11,11.76,66.14,11.31,7.54,21.44,-23.41,20.76,4.53
20230104 13:58:47,628,4004,0.41,777,1,6.86,12.11,11.76,66.14,11.31,7.41,21.3,-23.41,20.83,4.53
20230104 13:58:48,629,4004,0.46,775,1,6.87,12.11,11.76,66.14,11.25,7.34,21.3,-23.41,20.76,4.526
20230104 13:58:49,630,4004,0.5,778,2,7.27,12.11,11.76,66.14,11.25,7.41,21.3,-23.41,20.83,4.52
20230104 13:58:50,631,4004,0.46,781,0,7.75,12.11,11.76,66.11,11.38,7.41,21.3,-23.41,20.76,4.525
20230104 13:58:51,632,4004,0.46,780,0,7.28,12.11,11.76,66.11,11.31,7.41,21.3,-23.41,20.76,4.526
20230104 13:58:52,633,4004,0.41,781,0,7.08,12.11,11.76,66.11,11.38,7.34,21.24,-23.54,20.83,4.526
20230104 13:58:53,634,4004,0.54,783,0,6.88,12.11,11.76,66.11,11.25,7.41,21.3,-23.41,20.63,4.528
20230104 13:58:54,635,4004,0.54,785,1,7.23,12.11,11.76,66.11,11.31,7.34,21.24,-23.86,20.9,4.531
20230104 13:58:55,636,4004,0.46,782,-1,7.24,12.11,11.76,66.09,11.38,7.41,21.3,-23.6,20.76,4.527
20230104 13:58:56,637,4004,0.5,782,0,7.92,12.11,11.76,66.09,11.38,7.34,21.24,-23.6,20.83,4.52
20230104 13:58:57,638,4004,0.54,782,0,7.69,12.11,11.76,66.09,11.31,7.34,21.24,-23.6,20.83,4.522
20230104 13:58:58,639,4004,0.46,783,0,7.87,12.11,11.76,66.09,11.38,7.34,21.24,-23.8,20.83,4.527
20230104 13:58:59,640,4004,0.54,782,0,7.12,12.11,11.76,66.09,11.38,7.34,21.24,-23.86,20.83,4.526
20230104 13:59:00,641,4004,0.46,782,0,7.14,11.97,11.76,66.07,11.31,7.34,21.24,-23.86,20.83,4.528
20230104 13:59:01,642,4004,0.5,785,0,7.94,11.97,11.76,66.07,11.38,7.34,21.24,-23.86,20.83,4.526
20230104 13:59:02,643,4004,0.5,782,-1,6.96,11.97,11.76,66.07,11.31,7.34,21.24,-23.86,20.83,4.525
20230104 13:59:03,644,4004,0.5,783,-1,7.09,11.97,11.76,66.04,11.31,7.34,21.24,-23.86,20.97,4.52
20230104 13:59:04,645,4004,0.5,786,-1,7.1,11.97,11.76,66.04,11.38,7.34,21.24,-23.86,21.04,4.526
20230104 13:59:05,646,4004,0.54,785,1,7.28,11.97,11.76,66.04,11.25,7.34,21.24,-23.86,21.04,4.529
20230104 13:59:06,647,4004,0.46,781,1,7.12,11.9,11.76,66.04,11.31,7.34,21.24,-23.86,21.04,4.527
20230104 13:59:07,648,4004,0.46,780,-1,7.62,11.97,11.76,66.04,11.38,7.34,21.24,-23.86,21.04,4.526
20230104 13:59:08,649,4004,0.5,775,0,6.84,11.9,11.76,66.04,11.38,7.34,21.24,-23.86,21.04,4.522
20230104 13:59:09,650,4004,0.54,775,1,7.29,11.97,11.76,66.01,11.38,7.34,21.24,-23.86,21.04,4.526
20230104 13:59:10,651,4004,0.5,774,0,7.25,11.97,11.76,66.01,11.38,7.34,21.24,-23.99,21.04,4.526
20230104 13:59:11,652,4004,0.46,772,1,7.22,11.9,11.76,66.01,11.38,7.34,21.24,-24.06,21.04,4.529
20230104 13:59:12,653,4004,0.46,769,-1,7.18,11.9,11.76,66.04,11.38,7.34,21.24,-24.06,21.04,4.527
20230104 13:59:13,654,4004,0.5,765,0,7.9,11.9,11.76,66.04,11.31,7.34,21.24,-24.06,21.04,4.524
20230104 13:59:14,655,4004,0.5,771,0,6.94,11.9,11.76,66.04,11.38,7.34,21.24,-24.06,21.04,4.524
20230104 13:59:15,656,4004,0.46,772,0,6.98,11.9,11.76,66.04,11.38,7.34,21.24,-24.06,21.17,4.525
20230104 13:59:16,657,4004,0.5,772,0,6.9,11.9,11.76,66.04,11.31,7.34,21.1,-24.06,21.17,4.526
20230104 13:59:17,658,4004,0.46,778,0,7.77,11.9,11.76,66.04,11.38,7.34,21.03,-24.06,21.17,4.526
20230104 13:59:18,659,4004,0.5,782,0,7.08,11.9,11.76,66.04,11.31,7.34,21.03,-24.06,21.24,4.531
20230104 13:59:19,660,4004,0.46,777,0,7.72,11.9,11.76,66.07,11.38,7.34,21.03,-24.06,21.24,4.529
20230104 13:59:20,661,4004,0.54,775,-1,6.84,11.9,11.76,66.07,11.38,7.34,21.03,-24.06,21.24,4.523
20230104 13:59:21,662,4004,0.41,772,2,6.95,11.9,11.76,66.07,11.38,7.34,21.03,-24.06,21.24,4.526
20230104 13:59:22,663,4004,0.5,771,-1,7.47,11.9,11.76,66.07,11.38,7.34,21.03,-24.06,21.24,4.526
20230104 13:59:23,664,4004,0.54,771,1,6.92,11.9,11.76,66.09,11.38,7.34,21.03,-24.06,21.24,4.529
20230104 13:59:24,665,4004,0.5,771,0,7.43,11.9,11.76,66.09,11.38,7.34,21.03,-24.06,21.24,4.529
20230104 13:59:25,666,4004,0.5,770,-1,7.49,11.9,11.76,66.09,11.38,7.34,21.03,-24.19,21.24,4.525
20230104 13:59:26,667,4004,0.5,771,0,7.33,11.9,11.76,66.11,11.38,7.34,21.03,-24.25,21.24,4.523
20230104 13:59:27,668,4004,0.54,774,0,7.04,11.9,11.76,66.11,11.38,7.34,21.03,-24.19,21.24,4.525
20230104 13:59:28,669,4004,0.59,778,-1,7.35,11.9,11.76,66.11,11.38,7.34,21.03,-24.25,21.24,4.526
20230104 13:59:29,670,4004,0.46,781,-1,7.46,11.9,11.76,66.14,11.38,7.34,21.03,-24.25,21.24,4.526
20230104 13:59:30,671,4004,0.46,782,-1,7.42,11.9,11.76,66.14,11.38,7.34,21.03,-24.19,21.24,4.531
20230104 13:59:31,672,4004,0.59,785,0,7.42,11.9,11.76,66.14,11.38,7.34,21.03,-24.25,21.24,4.528
20230104 13:59:32,673,4004,0.54,785,5,7.51,11.9,11.76,66.14,11.38,7.34,21.03,-24.19,21.24,4.526
20230104 13:59:33,674,4004,0.5,785,0,7.62,11.9,11.76,66.14,11.38,7.2,21.03,-24.58,21.58,4.525
20230104 13:59:34,675,4004,0.5,786,2,7.88,11.9,11.76,66.14,11.38,7.2,21.03,-24.45,21.58,4.523
20230104 13:59:35,676,4004,0.41,785,0,7.43,11.9,11.76,66.17,11.38,7.2,21.03,-24.38,21.58,4.526
20230104 13:59:36,677,4004,0.46,789,0,7.25,11.9,11.76,66.14,11.38,7.2,21.03,-24.38,21.58,4.528
20230104 13:59:37,678,4004,0.41,794,0,7.67,11.9,11.76,66.17,11.38,7.2,21.03,-24.38,21.58,4.529
20230104 13:59:38,679,4004,0.46,796,0,7.16,11.9,11.76,66.17,11.38,7.2,21.03,-24.38,21.58,4.526
20230104 13:59:39,680,4004,0.59,796,0,7.52,11.9,11.76,66.17,11.44,7.2,21.03,-24.38,21.58,4.526
20230104 13:59:40,681,4004,0.5,796,0,7.5,11.9,11.76,66.17,11.38,7.2,21.03,-24.38,21.71,4.523
20230104 13:59:41,682,4004,0.54,794,0,7.24,11.9,11.76,66.17,11.38,7.2,21.03,-24.38,21.65,4.525
20230104 13:59:42,683,4004,0.54,793,0,7.59,11.9,11.76,66.17,11.38,7.2,21.03,-24.38,21.44,4.526
20230104 13:59:43,684,4004,0.54,793,0,7.98,11.9,11.76,66.17,11.5,7.2,20.89,-24.38,21.51,4.531
20230104 13:59:44,685,4004,0.46,792,0,7.54,11.9,11.69,66.14,11.44,7.2,20.82,-24.38,21.51,4.526
20230104 13:59:45,686,4004,0.46,785,-1,7.3,11.9,11.76,66.14,11.44,7.14,20.89,-24.38,21.51,4.524
20230104 13:59:46,687,4004,0.54,783,0,7.47,11.9,11.76,66.14,11.38,7.2,20.82,-24.38,21.37,4.523
20230104 13:59:47,688,4004,0.54,782,0,7.81,11.9,11.76,66.14,11.38,7.2,20.82,-24.38,21.51,4.526
20230104 13:59:48,689,4004,0.5,777,0,7.21,11.9,11.76,66.14,11.44,7.14,20.82,-24.38,21.51,4.528
20230104 13:59:49,690,4004,0.54,777,0,6.97,11.9,11.76,66.14,11.5,7.14,20.82,-24.38,21.51,4.528
20230104 13:59:50,691,4004,0.5,775,0,7.02,11.9,11.76,66.14,11.38,7.14,20.82,-24.38,21.51,4.526
20230104 13:59:51,692,4004,0.46,775,0,7.33,11.9,11.76,66.14,11.44,7.14,20.82,-24.38,21.51,4.524
20230104 13:59:52,693,4004,0.46,774,0,7.08,11.9,11.76,66.14,11.5,7.14,20.82,-24.38,21.51,4.519
20230104 13:59:53,694,4004,0.5,771,-1,7.78,11.9,11.76,66.14,11.44,7.14,20.82,-24.38,21.51,4.524
20230104 13:59:54,695,4004,0.5,774,0,7.69,11.9,11.76,66.14,11.44,7.14,20.82,-24.38,21.51,4.529
20230104 13:59:55,696,4004,0.54,775,0,7.27,11.9,11.76,66.17,11.5,7.14,20.82,-24.38,21.51,4.527
20230104 13:59:56,697,4004,0.46,778,1,7.88,11.9,11.76,66.17,11.44,7.14,20.82,-24.38,21.51,4.526
20230104 13:59:57,698,4004,0.5,778,-1,7.87,11.9,11.76,66.17,11.5,7.14,20.82,-24.38,21.51,4.526
20230104 13:59:58,699,4004,0.5,780,0,7.68,11.9,11.76,66.22,11.38,7.14,20.82,-24.38,21.51,4.523
20230104 13:59:59,700,4004,0.5,786,0,7.42,11.9,11.76,66.25,11.44,7.14,20.82,-24.38,21.51,4.524
20230104 14:00:00,701,4004,0.46,793,1,7.1,11.9,11.76,66.28,11.44,7.14,20.82,-24.51,21.51,4.526
20230104 14:00:01,702,4004,0.5,794,0,7.75,11.9,11.76,66.24,11.38,7.14,20.82,-24.38,21.51,4.527
20230104 14:00:02,703,4004,0.5,792,0,7.57,11.9,11.76,66.3,11.38,7.14,20.68,-24.51,21.51,4.526
20230104 14:00:03,704,4004,0.5,794,0,7.59,11.9,11.76,66.27,11.56,7.14,20.68,-24.51,21.51,4.526
20230104 14:00:04,705,4004,0.41,789,0,7.56,11.9,11.69,66.33,11.44,7.14,20.68,-24.25,21.37,4.523
20230104 14:00:05,706,4004,0.5,792,-1,7.72,11.9,11.76,66.3,11.5,7,20.61,-24.71,21.78,4.523
20230104 14:00:06,707,4004,0.46,793,0,6.74,11.97,11.76,66.36,11.5,7,20.68,-24.64,21.65,4.529
20230104 14:00:07,708,4004,0.5,797,7,6.99,11.97,11.76,66.33,11.44,7,20.68,-24.45,21.44,4.529
20230104 14:00:08,709,4004,0.46,798,2,7.52,11.97,11.76,66.38,11.44,7,20.68,-24.25,21.37,4.261
20230104 14:00:09,710,4004,0.54,797,3,7.1,11.97,11.76,66.4,11.5,7,20.61,-24.45,21.51,3.814
20230104 14:00:10,711,4004,0.63,799,3,7.45,12.11,11.76,66.48,11.38,7,20.61,-24.51,21.51,3.56
20230104 14:00:11,712,4004,0.95,804,0,7.58,12.18,11.76,66.56,11.5,7,20.61,-24.51,21.51,3.564
20230104 14:00:12,713,4004,1.35,815,0,6.9,12.18,11.69,66.64,11.38,7,20.61,-24.51,21.51,3.609
20230104 14:00:13,714,4004,1.79,829,0,7.27,12.32,11.76,66.79,11.5,7,20.61,-24.51,21.51,3.482
20230104 14:00:14,715,4004,2.29,856,1,7.72,12.39,11.69,66.92,11.5,7,20.61,-24.51,21.51,3.465
20230104 14:00:15,716,4004,2.64,890,0,6.89,12.53,11.76,67.1,11.44,7,20.61,-24.51,21.51,3.393
20230104 14:00:16,717,4004,3.04,935,1,6.49,12.6,11.69,67.35,11.44,7,20.61,-24.51,21.65,3.323
20230104 14:00:17,718,4004,3.4,980,2,7.65,12.6,11.76,67.52,11.44,7,20.61,-24.64,21.71,3.177
20230104 14:00:18,719,4004,3.71,1030,3,7.14,12.6,11.69,67.76,11.44,7,20.61,-24.71,21.71,3.084
20230104 14:00:19,720,4004,4.03,1084,7,7.51,12.74,11.69,67.94,11.5,7,20.61,-24.64,21.65,2.963
20230104 14:00:20,721,4004,4.25,1141,12,7.29,12.81,11.69,68.18,11.5,7,20.61,-24.45,21.65,2.948
20230104 14:00:21,722,4004,4.61,1200,25,7.67,12.81,11.69,68.38,11.5,7,20.61,-24.64,21.71,3.016
20230104 14:00:22,723,4004,4.74,1259,66,6.81,13.02,11.69,68.65,11.5,7,20.61,-24.71,21.71,3.061
20230104 14:00:23,724,4004,5.23,1318,69,8.04,13.08,11.76,68.84,11.5,7,20.61,-24.71,21.71,3.063
20230104 14:00:24,725,4004,5.5,1370,60,7.35,13.08,11.69,69.12,11.38,6.93,20.61,-24.71,21.85,3.097
20230104 14:00:25,726,4004,5.95,1419,44,7.8,13.08,11.69,69.33,11.44,7,20.61,-24.71,21.85,3.07
20230104 14:00:26,727,4004,6.39,1469,32,7.28,13.08,11.76,69.56,11.5,7,20.61,-24.71,21.85,3.088
20230104 14:00:27,728,4004,6.88,1504,21,7.69,13.22,11.69,69.71,11.44,7,20.61,-24.71,21.85,3.123
20230104 14:00:28,729,4004,7.33,1536,18,7.67,13.29,11.69,69.89,11.38,7,20.61,-24.71,21.85,3.13
20230104 14:00:29,730,4004,7.73,1569,13,7.54,13.29,11.69,70.08,11.44,6.93,20.47,-24.71,21.85,3.132
20230104 14:00:30,731,4004,8.27,1594,7,7.7,13.43,11.69,70.2,11.5,6.93,20.47,-24.71,21.85,3.037
20230104 14:00:31,732,4004,8.67,1609,6,7.56,13.5,11.69,70.39,11.5,6.93,20.4,-24.71,21.85,2.975
20230104 14:00:32,733,4004,9.03,1625,3,7.73,13.5,11.69,70.52,11.5,6.93,20.47,-24.71,21.85,3.026
20230104 14:00:33,734,4004,9.47,1643,5,7.01,13.5,11.69,70.67,11.5,6.93,20.47,-24.71,21.85,3.193
20230104 14:00:34,735,4004,9.83,1656,8,6.66,13.64,11.76,70.81,11.5,6.93,20.4,-24.71,21.85,3.282
20230104 14:00:35,736,4004,10.14,1671,9,7.43,13.71,11.69,70.97,11.5,6.93,20.4,-24.71,21.85,3.513
20230104 14:00:36,737,4004,10.45,1685,17,6.69,13.71,11.69,71.1,11.5,6.93,20.4,-24.71,21.85,3.57
20230104 14:00:37,738,4004,10.81,1700,22,6.77,13.71,11.69,71.16,11.5,6.93,20.4,-24.71,21.85,3.638
20230104 14:00:38,739,4004,11.12,1716,27,7.46,13.71,11.69,71.3,11.5,6.93,20.47,-24.71,21.85,3.481
20230104 14:00:39,740,4004,11.35,1727,38,6.62,13.71,11.69,71.4,11.5,6.93,20.4,-24.71,21.85,3.488
20230104 14:00:40,741,4004,11.75,1736,54,6.98,13.85,11.69,71.51,11.5,6.93,20.4,-24.71,21.85,3.651
20230104 14:00:41,742,4004,12.06,1740,50,7.04,13.92,11.69,71.61,11.5,6.93,20.4,-24.71,21.85,3.956
20230104 14:00:42,743,4004,12.46,1741,45,6.97,13.92,11.69,71.7,11.44,6.93,20.4,-24.71,21.85,4.374
20230104 14:00:43,744,4004,12.91,1746,69,7.02,13.92,11.69,71.8,11.5,6.93,20.4,-24.71,21.85,4.526
20230104 14:00:44,745,4004,13.58,1763,134,6.85,13.92,11.69,71.9,11.5,6.93,20.4,-24.71,21.85,4.529
20230104 14:00:45,746,4004,14.12,1774,374,7.28,13.92,11.69,71.96,11.5,6.93,20.4,-24.71,21.92,4.531
20230104 14:00:46,747,4004,14.61,1778,574,7.24,13.92,11.69,72.03,11.5,6.93,20.4,-24.71,21.85,4.526
20230104 14:00:47,748,4004,14.96,1776,483,6.59,13.92,11.69,72.09,11.56,6.93,20.4,-24.71,21.85,4.527
20230104 14:00:48,749,4004,15.54,1778,359,6.91,13.92,11.69,72.14,11.5,6.93,20.4,-24.71,21.92,4.525
20230104 14:00:49,750,4004,15.81,1778,201,7.83,13.92,11.69,72.16,11.38,6.93,20.4,-24.71,21.85,4.528
20230104 14:00:50,751,4004,16.12,1763,203,7.21,13.92,11.69,72.16,11.5,6.93,20.4,-24.84,21.92,4.529
20230104 14:00:51,752,4004,16.26,1741,133,7.34,13.92,11.69,72.16,11.44,6.93,20.4,-24.9,21.92,4.527
20230104 14:00:52,753,4004,16.35,1714,83,7.26,13.92,11.69,72.14,11.5,6.93,20.4,-24.9,21.92,4.525
20230104 14:00:53,754,4004,16.39,1685,94,7.23,13.92,11.69,72.09,11.5,6.93,20.19,-24.9,21.92,4.521
20230104 14:00:54,755,4004,16.3,1650,57,6.58,13.92,11.76,72.03,11.5,6.93,20.26,-24.9,21.92,4.526
20230104 14:00:55,756,4004,16.08,1615,59,7.89,13.92,11.76,71.98,11.5,6.93,20.26,-24.9,21.92,4.525
20230104 14:00:56,757,4004,15.95,1583,36,7.05,13.92,11.76,71.9,11.5,6.93,20.26,-24.9,21.92,4.528
20230104 14:00:57,758,4004,15.72,1540,36,7.19,13.92,11.76,71.8,11.5,6.93,20.26,-24.9,21.92,4.527
20230104 14:00:58,759,4004,15.45,1502,37,7.73,13.92,11.76,71.7,11.5,6.93,20.13,-24.9,21.92,4.527
20230104 14:00:59,760,4004,15.23,1465,26,7.55,13.92,11.9,71.61,11.44,6.93,20.26,-24.9,21.92,4.529
20230104 14:01:00,761,4004,14.92,1432,22,7.54,13.92,11.96,71.48,11.5,6.93,20.13,-25.03,21.92,4.522
20230104 14:01:01,762,4004,14.7,1404,25,7.43,13.92,11.96,71.41,11.5,6.93,20.13,-25.03,21.92,4.521
20230104 14:01:02,763,4004,14.34,1375,20,7.36,13.92,11.96,71.28,11.5,6.93,20.13,-25.1,22.05,4.524
20230104 14:01:03,764,4004,14.12,1349,27,7.61,13.85,11.96,71.14,11.5,6.93,20.13,-25.1,22.12,4.527
20230104 14:01:04,765,4004,13.76,1320,29,7.64,13.85,11.96,71.04,11.5,6.93,20.13,-25.1,22.12,4.527
20230104 14:01:05,766,4004,13.49,1296,25,7.38,13.85,11.96,70.9,11.5,6.93,20.13,-25.1,22.12,4.526
20230104 14:01:06,767,4004,13.13,1271,23,7.22,13.85,12.1,70.78,11.5,6.93,20.13,-25.1,22.12,4.526
20230104 14:01:07,768,4004,12.82,1240,27,7.1,13.85,12.17,70.64,11.56,6.93,20.13,-25.1,22.12,4.524
20230104 14:01:08,769,4004,12.55,1216,23,7.21,13.85,12.17,70.55,11.5,6.93,20.13,-25.1,22.12,4.526
20230104 14:01:09,770,4004,12.24,1196,24,7.7,13.85,12.17,70.41,11.5,6.93,20.13,-25.29,22.12,4.527
20230104 14:01:10,771,4004,11.97,1177,29,7.39,13.85,12.17,70.31,11.5,6.93,20.13,-25.36,22.12,4.528
20230104 14:01:11,772,4004,11.66,1157,58,6.77,13.85,12.17,70.21,11.5,6.93,20.13,-25.36,22.26,4.527
20230104 14:01:12,773,4004,11.39,1140,150,7.14,13.85,12.17,70.11,11.56,6.93,20.13,-25.36,22.26,4.526
20230104 14:01:13,774,4004,11.08,1125,186,7.06,13.85,12.31,70,11.56,6.93,20.13,-25.36,22.32,4.524
20230104 14:01:14,775,4004,10.81,1110,200,7.12,13.85,12.38,69.9,11.56,6.93,20.13,-25.36,22.26,4.526
20230104 14:01:15,776,4004,10.5,1092,154,6.66,13.85,12.38,69.77,11.5,6.93,20.13,-25.36,22.32,4.529
20230104 14:01:16,777,4004,10.28,1078,79,7.4,13.85,12.31,69.69,11.5,6.93,20.13,-25.36,22.32,4.531
20230104 14:01:17,778,4004,10.01,1064,44,7.49,13.71,12.31,69.55,11.5,6.93,20.13,-25.36,22.32,4.526
20230104 14:01:18,779,4004,9.79,1047,37,7.04,13.64,12.31,69.51,11.5,6.93,20.13,-25.36,22.32,4.524
20230104 14:01:19,780,4004,9.61,1030,23,7.44,13.64,12.31,69.39,11.5,6.93,20.13,-25.36,22.32,4.524
20230104 14:01:20,781,4004,9.43,1013,16,6.58,13.64,12.31,69.32,11.5,6.93,20.13,-25.36,22.32,4.526
20230104 14:01:21,782,4004,9.2,1001,11,6.92,13.71,12.31,69.21,11.5,6.93,20.13,-25.36,22.32,4.529
20230104 14:01:22,783,4004,9.03,989,12,7.58,13.64,12.31,69.2,11.5,6.93,20.13,-25.36,22.32,4.529
20230104 14:01:23,784,4004,8.85,984,9,7.23,13.64,12.31,69.11,11.5,6.93,20.13,-25.36,22.32,4.529
20230104 14:01:24,785,4004,8.62,976,8,7.3,13.64,12.31,69.09,11.5,6.93,20.13,-25.36,22.32,4.526
20230104 14:01:25,786,4004,8.45,972,8,7.09,13.64,12.31,69.01,11.5,6.93,20.13,-25.36,22.32,4.522
20230104 14:01:26,787,4004,8.31,973,11,7.5,13.64,12.31,68.93,11.5,6.93,20.13,-25.36,22.32,4.527
20230104 14:01:27,788,4004,8.13,972,17,7,13.64,12.31,68.9,11.56,6.93,20.13,-25.36,22.32,4.526
20230104 14:01:28,789,4004,7.91,978,13,7.19,13.64,12.31,68.84,11.56,6.93,20.13,-25.36,22.32,4.531
20230104 14:01:29,790,4004,7.69,982,8,6.73,13.64,12.31,68.86,11.56,6.93,20.13,-25.36,22.32,4.528
20230104 14:01:30,791,4004,7.64,981,5,7.13,13.64,12.31,68.83,11.56,6.93,20.13,-25.36,22.32,4.523
20230104 14:01:31,792,4004,7.6,984,6,7.1,13.64,12.31,68.81,11.5,6.93,20.13,-25.36,22.32,4.523
20230104 14:01:32,793,4004,7.42,989,7,7.45,13.64,12.31,68.75,11.5,6.93,20.13,-25.36,22.32,4.527
20230104 14:01:33,794,4004,7.42,993,5,7.38,13.64,12.31,68.69,11.56,6.93,20.13,-25.36,22.32,4.527
20230104 14:01:34,795,4004,7.33,994,4,7.69,13.64,12.31,68.69,11.5,6.93,19.99,-25.36,22.32,4.528
20230104 14:01:35,796,4004,7.24,995,5,7.6,13.64,12.31,68.7,11.5,6.93,19.92,-25.36,22.32,4.526
20230104 14:01:36,797,4004,7.15,1001,6,7.01,13.64,12.31,68.7,11.5,6.93,19.92,-25.36,22.32,4.524
20230104 14:01:37,798,4004,7.15,1004,3,7.27,13.64,12.31,68.64,11.5,6.93,19.92,-25.36,22.32,4.525
20230104 14:01:38,799,4004,6.97,1009,6,6.65,13.64,12.31,68.64,11.56,6.93,19.99,-25.36,22.32,4.525
20230104 14:01:39,800,4004,6.97,1012,11,7.35,13.64,12.31,68.64,11.56,6.93,19.92,-25.36,22.32,4.526
20230104 14:01:40,801,4004,6.93,1016,6,7.18,13.64,12.31,68.64,11.5,6.93,19.92,-25.36,22.32,4.526
20230104 14:01:41,802,4004,6.88,1023,4,7.26,13.64,12.31,68.64,11.5,6.93,19.92,-25.36,22.32,4.526
20230104 14:01:42,803,4004,6.75,1034,6,6.67,13.64,12.31,68.68,11.56,6.93,19.92,-25.36,22.32,4.53
20230104 14:01:43,804,4004,6.7,1041,14,7.39,13.64,12.31,68.68,11.5,6.93,19.92,-25.36,22.32,4.526
20230104 14:01:44,805,4004,6.75,1054,44,7.35,13.64,12.31,68.65,11.5,6.93,19.92,-25.49,22.32,4.524
20230104 14:01:45,806,4004,6.66,1060,45,7.24,13.64,12.31,68.62,11.56,6.93,19.92,-25.55,22.32,4.524
20230104 14:01:46,807,4004,6.62,1060,60,7.25,13.64,12.31,68.65,11.5,6.93,19.92,-25.55,22.32,4.526
20230104 14:01:47,808,4004,6.57,1065,48,6.95,13.64,12.31,68.65,11.5,6.8,19.92,-25.55,22.32,4.526
20230104 14:01:48,809,4004,6.57,1068,28,7.29,13.64,12.31,68.62,11.56,6.8,19.92,-25.55,22.32,4.531
20230104 14:01:49,810,4004,6.53,1075,21,7.55,13.64,12.31,68.62,11.5,6.73,19.92,-25.55,22.32,4.525
20230104 14:01:50,811,4004,6.44,1081,16,6.83,13.64,12.31,68.62,11.5,6.8,19.92,-25.55,22.32,4.521
20230104 14:01:51,812,4004,6.44,1077,17,6.63,13.64,12.31,68.65,11.56,6.73,19.92,-25.55,22.32,4.526
20230104 14:01:52,813,4004,6.35,1072,27,7.48,13.64,12.31,68.62,11.56,6.8,19.92,-25.55,22.32,4.527
20230104 14:01:53,814,4004,6.3,1069,31,6.66,13.64,12.31,68.62,11.5,6.73,19.92,-25.55,22.32,4.531
20230104 14:01:54,815,4004,6.12,1069,39,6.71,13.64,12.31,68.62,11.56,6.73,19.92,-25.55,22.46,4.53
20230104 14:01:55,816,4004,6.17,1069,30,7.56,13.64,12.31,68.62,11.56,6.73,19.92,-25.68,22.53,4.525
20230104 14:01:56,817,4004,6.08,1069,25,6.62,13.64,12.31,68.62,11.56,6.73,19.92,-25.75,22.53,4.524
20230104 14:01:57,818,4004,5.99,1069,23,7.75,13.64,12.31,68.65,11.56,6.73,19.92,-25.75,22.53,4.526
20230104 14:01:58,819,4004,5.99,1076,50,7.51,13.64,12.31,68.62,11.5,6.73,19.78,-25.75,22.53,4.528
20230104 14:01:59,820,4004,5.99,1079,56,7,13.64,12.31,68.62,11.5,6.73,19.71,-25.75,22.53,4.529
20230104 14:02:00,821,4004,5.99,1077,60,7.74,13.64,12.31,68.62,11.56,6.73,19.71,-25.75,22.53,4.531
20230104 14:02:01,822,4004,5.9,1076,36,7,13.64,12.31,68.62,11.56,6.73,19.78,-25.75,22.53,4.526
20230104 14:02:02,823,4004,5.95,1079,33,7.3,13.64,12.38,68.58,11.5,6.73,19.78,-25.75,22.66,4.525
20230104 14:02:03,824,4004,5.95,1080,42,7.3,13.5,12.38,68.62,11.56,6.73,19.71,-25.75,22.73,4.526
20230104 14:02:04,825,4004,5.86,1079,72,6.99,13.5,12.38,68.56,11.56,6.73,19.78,-25.75,22.73,4.527
20230104 14:02:05,826,4004,5.77,1074,103,7.07,13.5,12.38,68.56,11.5,6.73,19.78,-25.94,22.73,4.526
20230104 14:02:06,827,4004,5.77,1068,100,6.66,13.5,12.38,68.54,11.62,6.73,19.71,-26.01,22.73,4.531
20230104 14:02:07,828,4004,5.72,1059,85,7.54,13.43,12.38,68.51,11.5,6.73,19.71,-26.01,22.73,4.527
20230104 14:02:08,829,4004,5.68,1051,60,7.31,13.43,12.38,68.46,11.5,6.73,19.71,-26.01,22.73,4.524
20230104 14:02:09,830,4004,5.63,1047,44,7.64,13.43,12.38,68.43,11.5,6.73,19.71,-26.01,22.73,4.523
20230104 14:02:10,831,4004,5.5,1040,48,7.19,13.43,12.38,68.41,11.5,6.73,19.71,-26.01,22.73,4.526
20230104 14:02:11,832,4004,5.54,1030,36,7.65,13.43,12.38,68.42,11.56,6.73,19.71,-26.01,22.73,4.531
20230104 14:02:12,833,4004,5.46,1023,27,7.21,13.43,12.38,68.39,11.5,6.73,19.71,-26.01,22.73,4.531
20230104 14:02:13,834,4004,5.37,1019,20,6.89,13.43,12.38,68.33,11.56,6.73,19.71,-26.01,22.87,4.527
20230104 14:02:14,835,4004,5.37,1009,19,7.19,13.43,12.38,68.33,11.56,6.73,19.71,-26.01,22.94,4.522
20230104 14:02:15,836,4004,5.28,1001,22,7.27,13.43,12.38,68.31,11.5,6.73,19.71,-26.01,22.87,4.526
20230104 14:02:16,837,4004,5.23,985,24,7.52,13.43,12.38,68.29,11.56,6.73,19.71,-26.01,22.94,4.523
20230104 14:02:17,838,4004,5.19,978,19,6.6,13.43,12.38,68.25,11.56,6.73,19.71,-26.01,22.94,4.525
20230104 14:02:18,839,4004,5.23,977,19,6.64,13.43,12.38,68.2,11.56,6.73,19.71,-26.01,22.94,4.53
20230104 14:02:19,840,4004,5.14,972,35,7.1,13.43,12.38,68.17,11.56,6.73,19.71,-26.14,22.94,4.53
20230104 14:02:20,841,4004,5.14,968,36,7.49,13.43,12.38,68.14,11.56,6.73,19.57,-26.2,22.94,4.526
20230104 14:02:21,842,4004,5.05,960,29,7.33,13.43,12.38,68.12,11.56,6.73,19.57,-26.2,22.94,4.526
20230104 14:02:22,843,4004,5.14,959,53,7.72,13.43,12.38,68.12,11.5,6.73,19.57,-26.2,22.94,4.524
20230104 14:02:23,844,4004,5.01,959,41,7.45,13.43,12.38,68.09,11.56,6.73,19.57,-26.2,22.94,4.526
20230104 14:02:24,845,4004,5.05,961,27,8.01,13.43,12.38,68.07,11.5,6.73,19.5,-26.2,22.94,4.529
20230104 14:02:25,846,4004,5.05,964,23,7.22,13.43,12.38,68.07,11.56,6.73,19.5,-26.2,23.07,4.529
20230104 14:02:26,847,4004,5.14,961,28,7.8,13.43,12.38,68.07,11.5,6.73,19.5,-26.2,23.07,4.528
20230104 14:02:27,848,4004,5.23,964,22,6.96,13.43,12.38,68.04,11.56,6.73,19.5,-26.2,23.14,4.525
20230104 14:02:28,849,4004,5.14,964,29,7.06,13.43,12.38,68.07,11.56,6.73,19.5,-26.2,23.14,4.526
20230104 14:02:29,850,4004,5.14,965,25,7.76,13.43,12.38,68.01,11.62,6.73,19.5,-26.2,23.14,4.527
20230104 14:02:30,851,4004,5.1,961,21,7.62,13.43,12.38,68.01,11.56,6.73,19.5,-26.2,23.14,4.53
20230104 14:02:31,852,4004,5.14,960,14,7.72,13.43,12.38,68.01,11.56,6.73,19.5,-26.2,23.14,4.528
20230104 14:02:32,853,4004,5.14,960,13,6.82,13.43,12.38,68.01,11.56,6.73,19.5,-26.2,23.14,4.531
20230104 14:02:33,854,4004,5.23,957,9,7.06,13.43,12.38,68.01,11.62,6.73,19.5,-26.2,23.14,4.525
20230104 14:02:34,855,4004,5.23,959,8,6.76,13.43,12.38,68.01,11.56,6.73,19.5,-26.2,23.14,4.522
20230104 14:02:35,856,4004,5.19,956,7,6.98,13.43,12.51,68.01,11.62,6.73,19.5,-26.2,23.14,4.527
20230104 14:02:36,857,4004,5.19,957,13,7.79,13.43,12.58,68.05,11.56,6.73,19.5,-26.2,23.14,4.526
20230104 14:02:37,858,4004,5.19,957,15,6.71,13.43,12.58,68.01,11.56,6.73,19.5,-26.2,23.14,4.53
20230104 14:02:38,859,4004,5.19,960,8,6.68,13.43,12.58,68.04,11.5,6.73,19.5,-26.2,23.14,4.528
20230104 14:02:39,860,4004,5.28,966,9,7.6,13.43,12.58,68.04,11.5,6.73,19.5,-26.2,23.14,4.525
20230104 14:02:40,861,4004,5.23,977,7,7.57,13.43,12.58,68.04,11.56,6.73,19.5,-26.2,23.14,4.523
20230104 14:02:41,862,4004,5.23,980,7,7.29,13.43,12.58,68.07,11.5,6.73,19.5,-26.2,23.14,4.528
20230104 14:02:42,863,4004,5.23,984,11,6.71,13.43,12.58,68.07,11.56,6.73,19.5,-26.2,23.14,4.529
20230104 14:02:43,864,4004,5.28,981,13,7.57,13.43,12.58,68.07,11.62,6.73,19.5,-26.2,23.14,4.527
20230104 14:02:44,865,4004,5.23,981,8,7.15,13.43,12.58,68.07,11.56,6.73,19.5,-26.2,23.14,4.521
20230104 14:02:45,866,4004,5.19,986,11,7.72,13.43,12.58,68.09,11.56,6.73,19.5,-26.2,23.14,4.527
20230104 14:02:46,867,4004,5.23,994,12,7.82,13.43,12.58,68.09,11.69,6.73,19.5,-26.2,23.14,4.52
20230104 14:02:47,868,4004,5.23,1001,13,7.65,13.43,12.58,68.13,11.56,6.73,19.5,-26.2,23.14,4.526
20230104 14:02:48,869,4004,5.14,1005,14,7.29,13.43,12.58,68.09,11.56,6.73,19.5,-26.2,23.14,4.526
20230104 14:02:49,870,4004,5.1,1005,27,7.29,13.43,12.58,68.09,11.62,6.73,19.36,-26.2,23.14,4.53
20230104 14:02:50,871,4004,5.1,1005,38,7.98,13.29,12.58,68.13,11.56,6.59,19.36,-26.2,23.14,4.529
20230104 14:02:51,872,4004,5.1,1007,60,6.95,13.29,12.51,68.09,11.69,6.52,19.29,-26.2,23.14,4.527
20230104 14:02:52,873,4004,5.01,1004,61,7.81,13.22,12.51,68.07,11.56,6.52,19.36,-26.2,23.14,4.525
20230104 14:02:53,874,4004,5.01,998,111,7.74,13.22,12.51,68.1,11.56,6.52,19.36,-26.2,23.14,4.527
20230104 14:02:54,875,4004,5.01,991,145,6.96,13.22,12.51,68.07,11.5,6.52,19.36,-26.33,23.14,4.526
20230104 14:02:55,876,4004,4.92,986,255,7.65,13.22,12.51,68.04,11.5,6.52,19.36,-26.4,23.14,4.529
20230104 14:02:56,877,4004,4.96,982,294,7.32,13.22,12.51,68.01,11.5,6.52,19.29,-26.4,23.14,4.527
20230104 14:02:57,878,4004,5.01,982,229,7.06,13.22,12.51,68.01,11.62,6.52,19.36,-26.4,23.14,4.524
20230104 14:02:58,879,4004,5.05,973,290,7.51,13.22,12.51,68.01,11.62,6.52,19.36,-26.4,23.14,4.523
20230104 14:02:59,880,4004,5.05,968,257,6.85,13.22,12.58,67.94,11.56,6.52,19.29,-26.4,23.14,4.521
20230104 14:03:00,881,4004,5.14,965,247,7.77,13.22,12.58,67.94,11.62,6.52,19.29,-26.4,23.14,4.525
20230104 14:03:01,882,4004,5.19,960,207,7.09,13.22,12.58,67.91,11.62,6.52,19.29,-26.4,23.14,4.526
20230104 14:03:02,883,4004,5.28,955,146,6.91,13.22,12.58,67.88,11.56,6.52,19.29,-26.4,23.14,4.53
20230104 14:03:03,884,4004,5.37,947,139,6.75,13.22,12.58,67.88,11.56,6.52,19.29,-26.4,23.14,4.53
20230104 14:03:04,885,4004,5.46,947,156,7.71,13.22,12.58,67.86,11.56,6.52,19.29,-26.4,23.34,4.528
20230104 14:03:05,886,4004,5.59,940,135,7.56,13.22,12.58,67.83,11.56,6.52,19.29,-26.59,23.41,4.523
20230104 14:03:06,887,4004,5.59,940,157,7.26,13.22,12.58,67.87,11.56,6.52,19.29,-26.66,23.41,4.524
20230104 14:03:07,888,4004,5.63,940,145,7.4,13.22,12.58,67.81,11.56,6.52,19.29,-26.66,23.41,4.527
20230104 14:03:08,889,4004,5.68,932,149,7.45,13.22,12.58,67.81,11.56,6.52,19.29,-26.66,23.41,4.526
20230104 14:03:09,890,4004,5.63,928,194,7.28,13.22,12.58,67.78,11.56,6.52,19.29,-26.66,23.41,4.534
20230104 14:03:10,891,4004,5.72,923,150,7.48,13.22,12.58,67.75,11.56,6.52,19.29,-26.66,23.41,4.525
20230104 14:03:11,892,4004,5.72,922,187,6.97,13.22,12.58,67.73,11.62,6.52,19.29,-26.79,23.41,4.523
20230104 14:03:12,893,4004,5.72,919,126,7.33,13.22,12.58,67.76,11.62,6.52,19.29,-26.85,23.55,4.526
20230104 14:03:13,894,4004,5.68,916,101,7.26,13.22,12.58,67.73,11.5,6.52,19.29,-26.85,23.55,4.526
20230104 14:03:14,895,4004,5.72,915,87,7.74,13.22,12.58,67.73,11.56,6.52,19.29,-26.85,23.61,4.531
20230104 14:03:15,896,4004,5.68,915,96,7.22,13.02,12.58,67.68,11.56,6.52,19.29,-26.85,23.61,4.53
20230104 14:03:16,897,4004,5.72,913,84,7.19,12.95,12.58,67.71,11.62,6.52,19.29,-26.85,23.61,4.524
20230104 14:03:17,898,4004,5.63,911,114,7.06,12.95,12.58,67.68,11.56,6.52,19.29,-26.85,23.61,4.526
20230104 14:03:18,899,4004,5.68,910,169,7.86,12.95,12.58,67.71,11.56,6.52,19.29,-26.85,23.61,4.526
20230104 14:03:19,900,4004,5.63,907,204,7.06,12.95,12.58,67.65,11.62,6.52,19.29,-26.85,23.61,4.526
20230104 14:03:20,901,4004,5.59,904,173,7.49,12.95,12.58,67.66,11.62,6.52,19.29,-26.85,23.61,4.527
20230104 14:03:21,902,4004,5.63,906,82,7.63,12.95,12.58,67.62,11.56,6.52,19.29,-26.85,23.61,4.531
20230104 14:03:22,903,4004,5.68,906,71,7.3,12.95,12.58,67.6,11.62,6.52,19.29,-26.85,23.61,4.524
20230104 14:03:23,904,4004,5.68,906,58,7.05,12.95,12.58,67.6,11.62,6.52,19.29,-26.85,23.61,4.524
20230104 14:03:24,905,4004,5.72,904,61,7.26,12.95,12.58,67.6,11.56,6.52,19.29,-26.85,23.61,4.524
20230104 14:03:25,906,4004,5.68,904,49,7.11,12.95,12.58,67.6,11.62,6.52,19.29,-26.85,23.61,4.529
20230104 14:03:26,907,4004,5.72,904,35,7.05,12.95,12.58,67.6,11.62,6.52,19.29,-26.85,23.61,4.528
20230104 14:03:27,908,4004,5.72,904,26,7.64,12.95,12.58,67.6,11.62,6.52,19.15,-26.85,23.61,4.528
20230104 14:03:28,909,4004,5.77,903,23,7.72,12.95,12.58,67.6,11.62,6.52,19.08,-26.85,23.75,4.527
20230104 14:03:29,910,4004,5.72,906,35,7.4,12.95,12.58,67.6,11.62,6.52,19.08,-26.85,23.75,4.523
20230104 14:03:30,911,4004,5.68,904,44,7.22,12.95,12.58,67.6,11.69,6.52,19.08,-26.85,23.75,4.526
20230104 14:03:31,912,4004,5.59,907,34,7.79,12.95,12.58,67.6,11.56,6.52,19.08,-26.85,23.75,4.526
20230104 14:03:32,913,4004,5.68,911,39,7.5,12.95,12.79,67.62,11.62,6.52,19.08,-26.85,23.75,4.528
20230104 14:03:33,914,4004,5.63,915,41,7.23,12.95,12.85,67.62,11.69,6.52,19.08,-26.85,23.75,4.53
20230104 14:03:34,915,4004,5.63,916,39,6.99,12.95,12.85,67.62,11.69,6.52,19.08,-26.85,23.75,4.526
20230104 14:03:35,916,4004,5.77,916,67,6.71,12.95,12.85,67.68,11.62,6.52,19.08,-26.85,23.75,4.522
20230104 14:03:36,917,4004,5.81,923,74,7.13,12.95,12.85,67.65,11.56,6.52,19.08,-26.85,23.75,4.524
20230104 14:03:37,918,4004,5.9,930,40,6.91,12.95,12.85,67.71,11.56,6.52,19.08,-26.85,23.75,4.529
20230104 14:03:38,919,4004,5.81,934,19,7.23,12.95,12.85,67.71,11.56,6.52,19.08,-26.98,23.75,4.527
20230104 14:03:39,920,4004,6.04,940,11,7.79,12.95,12.85,67.73,11.62,6.52,19.08,-26.98,23.75,4.529
20230104 14:03:40,921,4004,6.08,948,9,6.88,12.95,12.85,67.73,11.69,6.52,19.08,-26.98,23.75,4.531
20230104 14:03:41,922,4004,6.12,955,10,7.15,12.95,12.85,67.73,11.75,6.52,19.08,-26.98,23.75,4.526
20230104 14:03:42,923,4004,6.12,960,59,6.74,12.95,12.85,67.78,11.69,6.52,19.08,-26.98,23.75,4.522
20230104 14:03:43,924,4004,6.21,966,250,7.54,12.95,12.85,67.81,11.62,6.52,19.08,-27.05,23.75,4.425
20230104 14:03:44,925,4004,6.17,973,220,7.1,13.08,12.85,67.81,11.69,6.52,19.08,-27.05,23.75,4.036
20230104 14:03:45,926,4004,6.17,982,111,6.93,13.08,12.85,67.83,11.56,6.52,19.08,-27.05,23.75,3.877
20230104 14:03:46,927,4004,6.08,993,46,7.36,13.08,12.85,67.86,11.62,6.52,19.08,-27.05,23.82,3.862
20230104 14:03:47,928,4004,6.08,1001,22,7.74,13.08,12.85,67.88,11.62,6.32,19.08,-27.05,23.75,3.547
20230104 14:03:48,929,4004,6.12,1005,13,6.57,13.08,12.85,67.91,11.56,6.25,19.08,-27.05,23.75,3.523
20230104 14:03:49,930,4004,6.12,1018,9,6.74,13.08,12.85,67.96,11.62,6.25,19.08,-27.05,23.82,3.406
20230104 14:03:50,931,4004,6.08,1027,10,6.88,13.08,12.85,68.01,11.56,6.25,19.08,-27.05,23.82,3.294
20230104 14:03:51,932,4004,5.95,1045,10,7.71,13.08,12.85,68.07,11.69,6.25,19.08,-27.05,23.82,3.212
20230104 14:03:52,933,4004,5.95,1054,7,7.88,13.08,12.85,68.12,11.69,6.25,19.08,-27.05,23.82,3.075
20230104 14:03:53,934,4004,5.81,1069,12,6.58,13.08,12.85,68.2,11.62,6.25,19.08,-27.05,23.82,2.997
20230104 14:03:54,935,4004,5.72,1083,19,6.83,13.08,12.85,68.25,11.69,6.25,18.95,-27.05,23.82,2.908
20230104 14:03:55,936,4004,5.68,1104,21,6.57,13.08,12.85,68.27,11.75,6.25,18.95,-27.05,23.82,2.937
20230104 14:03:56,937,4004,5.54,1119,24,7.51,13.22,12.85,68.33,11.69,6.25,18.95,-27.24,23.82,2.993
20230104 14:03:57,938,4004,5.54,1134,28,7.16,13.29,12.85,68.38,11.69,6.25,18.95,-27.31,23.82,2.975
20230104 14:03:58,939,4004,5.46,1153,38,7.57,13.29,12.85,68.43,11.75,6.25,18.88,-27.31,23.82,2.964
20230104 14:03:59,940,4004,5.46,1171,47,6.86,13.29,12.85,68.55,11.62,6.25,18.88,-27.31,23.82,2.834
20230104 14:04:00,941,4004,5.37,1184,45,7.01,13.29,12.85,68.56,11.69,6.25,18.88,-27.31,23.82,2.839
20230104 14:04:01,942,4004,5.32,1202,36,7.41,13.29,12.85,68.65,11.69,6.25,18.88,-27.31,23.82,2.705
20230104 14:04:02,943,4004,5.5,1220,58,7.22,13.29,12.85,68.69,11.62,6.25,18.88,-27.31,23.95,2.615
20230104 14:04:03,944,4004,5.72,1229,83,6.86,13.29,12.85,68.77,11.69,6.25,18.88,-27.31,23.95,2.525
20230104 14:04:04,945,4004,5.95,1246,55,7.1,13.29,12.99,68.82,11.69,6.25,18.95,-27.31,24.02,2.421
20230104 14:04:05,946,4004,6.17,1264,61,7.34,13.29,13.06,68.9,11.62,6.25,18.88,-27.31,23.95,2.373
20230104 14:04:06,947,4004,6.48,1276,54,7.7,13.29,13.06,68.99,11.75,6.25,18.95,-27.31,24.02,2.241
20230104 14:04:07,948,4004,6.88,1290,60,7.63,13.29,13.06,69.09,11.75,6.25,18.88,-27.31,24.02,2.12
20230104 14:04:08,949,4004,7.24,1306,78,7.7,13.29,13.06,69.11,11.62,6.25,18.88,-27.31,24.02,2.074
20230104 14:04:09,950,4004,7.55,1327,75,7.2,13.43,13.06,69.19,11.75,6.25,18.88,-27.31,24.02,1.982
20230104 14:04:10,951,4004,7.87,1341,83,7.17,13.43,13.06,69.24,11.69,6.25,18.88,-27.44,24.02,1.834
20230104 14:04:11,952,4004,8.22,1352,81,7.48,13.5,13.06,69.34,11.69,6.25,18.88,-27.5,24.02,1.725
20230104 14:04:12,953,4004,8.54,1366,122,7.28,13.5,13.06,69.43,11.69,6.25,18.88,-27.5,24.02,1.676
20230104 14:04:13,954,4004,8.94,1375,113,7.47,13.5,13.06,69.45,11.69,6.25,18.88,-27.5,24.02,1.641
20230104 14:04:14,955,4004,9.25,1388,105,6.97,13.5,13.06,69.58,11.69,6.25,18.88,-27.5,24.02,1.583
20230104 14:04:15,956,4004,9.65,1400,124,7.18,13.5,13.2,69.63,11.69,6.25,18.88,-27.63,24.02,1.548
20230104 14:04:16,957,4004,10.01,1416,98,7.39,13.5,13.4,69.68,11.62,6.25,18.88,-27.7,24.02,1.54
20230104 14:04:17,958,4004,10.45,1434,92,7.96,13.5,13.61,69.78,11.69,6.25,18.88,-27.7,24.16,1.475
20230104 14:04:18,959,4004,10.81,1451,82,7.25,13.5,13.81,69.87,11.75,6.25,18.88,-27.7,24.22,1.381
20230104 14:04:19,960,4004,11.21,1464,79,7.52,13.5,13.88,69.97,11.75,6.25,18.88,-27.7,24.22,1.332
20230104 14:04:20,961,4004,11.48,1478,54,7.4,13.5,13.88,70.05,11.81,6.25,18.88,-27.7,24.22,1.336
20230104 14:04:21,962,4004,11.7,1493,53,7.66,13.64,13.88,70.16,11.75,6.25,18.88,-27.7,24.22,1.372
20230104 14:04:22,963,4004,11.93,1507,68,7.47,13.71,13.88,70.24,11.75,6.25,18.74,-27.89,24.22,1.404
20230104 14:04:23,964,4004,12.11,1529,62,7.31,13.71,13.88,70.31,11.75,6.25,18.74,-27.96,24.22,1.39
20230104 14:04:24,965,4004,12.2,1549,62,7.42,13.71,13.88,70.39,11.75,6.25,18.74,-27.96,24.36,1.499
20230104 14:04:25,966,4004,12.37,1573,61,7.25,13.71,13.88,70.46,11.75,6.25,18.67,-27.96,24.36,1.571
20230104 14:04:26,967,4004,12.55,1587,56,7.79,13.71,13.88,70.57,11.75,6.25,18.67,-27.96,24.43,1.586
20230104 14:04:27,968,4004,12.55,1601,67,7.42,13.71,13.88,70.64,11.69,6.25,18.67,-27.96,24.43,1.64
20230104 14:04:28,969,4004,12.64,1617,72,7.33,13.71,14.02,70.72,11.62,6.25,18.67,-27.96,24.43,1.724
20230104 14:04:29,970,4004,12.73,1642,61,7.51,13.71,14.29,70.83,11.75,6.25,18.67,-27.96,24.43,1.793
20230104 14:04:30,971,4004,12.78,1661,50,6.87,13.71,14.36,70.9,11.69,6.25,18.74,-27.96,24.43,1.861
20230104 14:04:31,972,4004,12.95,1677,55,7.71,13.85,14.49,71.02,11.75,6.25,18.67,-27.96,24.43,1.829
20230104 14:04:32,973,4004,13,1688,74,6.75,13.92,14.7,71.12,11.62,6.25,18.67,-27.96,24.36,1.774
20230104 14:04:33,974,4004,13.09,1699,73,7.6,13.92,14.77,71.17,11.75,6.25,18.67,-27.83,24.36,1.673
20230104 14:04:34,975,4004,13.31,1711,60,6.67,13.92,14.77,71.25,11.75,6.25,18.67,-27.96,24.36,1.569
20230104 14:04:35,976,4004,13.49,1722,34,6.98,13.92,14.9,71.3,11.69,6.25,18.74,-27.96,24.43,1.501
20230104 14:04:36,977,4004,13.71,1726,28,7.78,13.92,14.97,71.37,11.69,6.25,18.67,-27.96,24.36,1.406
20230104 14:04:37,978,4004,13.94,1733,28,7.03,13.92,14.97,71.43,11.62,6.12,18.67,-27.96,24.36,1.288
20230104 14:04:38,979,4004,13.98,1737,49,7.53,13.92,14.97,71.46,11.75,6.05,18.67,-27.96,24.43,1.233
20230104 14:04:39,980,4004,14.2,1737,67,6.86,13.92,14.97,71.51,11.75,6.05,18.67,-27.96,24.43,1.151
20230104 14:04:40,981,4004,14.25,1737,73,7.84,14.06,15.11,71.56,11.69,6.05,18.67,-27.96,24.43,0.994
20230104 14:04:41,982,4004,14.2,1742,47,7.2,14.13,15.18,71.61,11.81,6.05,18.67,-27.96,24.43,0.939
20230104 14:04:42,983,4004,14.43,1740,39,6.64,14.13,15.18,71.66,11.75,6.05,18.67,-27.96,24.43,0.916
20230104 14:04:43,984,4004,14.65,1742,61,6.68,14.13,15.18,71.71,11.88,6.05,18.67,-27.96,24.43,0.912
20230104 14:04:44,985,4004,14.92,1742,65,7.33,14.13,15.18,71.74,11.75,6.05,18.67,-27.96,24.43,0.924
20230104 14:04:45,986,4004,15.28,1749,62,7,14.13,15.11,71.79,11.75,6.05,18.67,-28.09,24.43,0.891
20230104 14:04:46,987,4004,15.63,1755,70,6.63,14.13,15.18,71.9,11.56,6.05,18.67,-28.15,24.43,0.878
20230104 14:04:47,988,4004,16.03,1764,88,7.49,14.13,15.32,71.92,11.75,6.05,18.46,-28.15,24.43,0.856
20230104 14:04:48,989,4004,16.62,1777,83,7.56,14.13,15.38,71.97,11.75,6.05,18.39,-28.15,24.43,0.882
20230104 14:04:49,990,4004,17.15,1786,112,7.29,14.27,15.38,72.03,11.88,6.05,18.53,-28.15,24.56,0.946
20230104 14:04:50,991,4004,17.82,1790,94,7.2,14.34,15.32,72.14,11.81,6.05,18.53,-28.15,24.63,1.013
20230104 14:04:51,992,4004,18.49,1803,75,7.26,14.34,15.18,72.19,11.81,6.05,18.53,-28.15,24.63,1.092
20230104 14:04:52,993,4004,19.2,1816,84,7.56,14.34,15.11,72.24,11.75,6.05,18.39,-28.15,24.63,1.147
20230104 14:04:53,994,4004,19.87,1823,77,7.45,14.34,15.11,72.29,11.75,6.05,18.39,-28.28,24.63,1.226
20230104 14:04:54,995,4004,20.63,1834,85,7.71,14.34,15.11,72.37,11.75,6.05,18.39,-28.35,24.63,1.253
20230104 14:04:55,996,4004,21.35,1853,98,7.08,14.34,15.11,72.42,11.75,6.05,18.39,-28.35,24.77,1.277
20230104 14:04:56,997,4004,22.02,1870,88,7.13,14.55,15.18,72.5,11.75,6.05,18.53,-28.35,24.77,1.364
20230104 14:04:57,998,4004,22.73,1876,112,7.35,14.48,15.18,72.55,11.81,6.05,18.39,-28.35,24.84,1.466
20230104 14:04:58,999,4004,23.4,1891,149,7.27,14.62,15.18,72.6,11.75,6.05,18.39,-28.35,24.77,1.548
20230104 14:04:59,1000,4004,24.03,1898,256,7.47,14.62,15.32,72.68,11.88,6.05,18.39,-28.35,24.84,1.576
20230104 14:05:00,1001,4004,24.69,1904,235,7.32,14.62,15.38,72.74,11.81,6.05,18.39,-28.35,24.77,1.432
20230104 14:05:01,1002,4004,25.19,1914,273,6.95,14.62,15.52,72.79,11.75,6.05,18.39,-28.35,24.84,1.374
20230104 14:05:02,1003,4004,26.03,1925,210,7.21,14.62,15.59,72.84,11.81,6.05,18.39,-28.35,24.77,1.328
20230104 14:05:03,1004,4004,26.93,1939,228,7.22,14.62,15.93,72.92,11.75,6.05,18.39,-28.35,24.84,1.227
20230104 14:05:04,1005,4004,27.95,1948,241,6.91,14.62,16.07,72.97,11.56,6.05,18.39,-28.35,24.77,1.202
20230104 14:05:05,1006,4004,28.85,1952,286,6.88,14.62,15.93,73.03,11.88,6.05,18.39,-28.35,24.84,1.201
20230104 14:05:06,1007,4004,29.74,1958,287,6.75,14.62,15.93,73.01,11.75,6.05,18.39,-28.35,24.84,1.047
20230104 14:05:07,1008,4004,30.5,1971,330,6.92,14.76,15.79,73.06,11.75,6.05,18.39,-28.35,24.84,0.92
20230104 14:05:08,1009,4004,31.35,1978,313,7.54,14.82,15.59,73.18,11.69,6.05,18.39,-28.35,24.84,0.821
20230104 14:05:09,1010,4004,32.11,1989,244,6.89,14.82,15.52,73.19,11.75,6.05,18.39,-28.35,24.84,0.731
20230104 14:05:10,1011,4004,33.09,1991,193,7.03,14.82,15.52,73.25,11.75,6.05,18.39,-28.35,24.84,0.628
20230104 14:05:11,1012,4004,34.07,2001,195,6.88,14.82,15.38,73.31,11.75,6.05,18.39,-28.35,24.77,0.581
20230104 14:05:12,1013,4004,35.05,2006,162,7.2,14.82,15.32,73.36,11.94,6.05,18.39,-28.35,24.84,0.559
20230104 14:05:13,1014,4004,35.94,2008,154,7.47,14.82,15.32,73.41,11.81,6.05,18.39,-28.35,24.77,0.592
20230104 14:05:14,1015,4004,36.88,2015,147,6.84,14.96,15.18,73.49,11.75,6.05,18.39,-28.35,24.84,0.555
20230104 14:05:15,1016,4004,37.64,2022,139,7.73,15.03,15.11,73.54,11.81,6.05,18.39,-28.35,24.77,0.518
20230104 14:05:16,1017,4004,38.31,2038,130,7.28,15.03,15.11,73.6,11.69,6.05,18.39,-28.35,24.84,0.517
20230104 14:05:17,1018,4004,39.02,2052,108,8.06,15.03,15.11,73.67,11.81,6.05,18.39,-28.54,24.77,0.502
20230104 14:05:18,1019,4004,39.65,2088,140,8.02,15.03,15.11,73.78,11.81,6.05,18.39,-28.48,24.84,0.477
20230104 14:05:19,1020,4004,40.18,2117,102,7.14,15.03,15.11,73.83,11.75,6.05,18.39,-28.61,24.77,0.463
20230104 14:05:20,1021,4004,40.54,2143,108,7.31,15.17,15.11,73.93,11.81,6.05,18.39,-28.48,24.84,0.468
20230104 14:05:21,1022,4004,40.94,2170,145,6.52,15.24,15.11,74.01,11.75,6.05,18.39,-28.48,24.77,0.459
20230104 14:05:22,1023,4004,41.3,2196,148,6.9,15.24,15.11,74.06,11.81,6.05,18.39,-28.61,24.84,0.453
20230104 14:05:23,1024,4004,41.43,2229,165,7.22,15.24,15.11,74.17,11.81,6.05,18.39,-28.61,24.84,0.411
20230104 14:05:24,1025,4004,41.79,2243,166,7.38,15.24,15.11,74.21,11.75,6.05,18.39,-28.61,24.84,0.365
20230104 14:05:25,1026,4004,42.06,2262,158,6.8,15.38,15.11,74.29,11.75,6.05,18.39,-28.61,24.84,0.336
20230104 14:05:26,1027,4004,42.51,2289,250,7.33,15.45,15.11,74.43,11.75,6.05,18.39,-28.61,24.84,0.335
20230104 14:05:27,1028,4004,43,2309,308,7.34,15.45,15.18,74.51,11.75,6.05,18.39,-28.61,24.84,0.315
20230104 14:05:28,1029,4004,43.31,2334,300,7.11,15.45,15.18,74.61,11.81,6.05,18.25,-28.61,24.84,0.295
20230104 14:05:29,1030,4004,43.85,2359,302,7.28,15.59,15.32,74.71,11.75,6.05,18.25,-28.61,24.84,0.278
20230104 14:05:30,1031,4004,44.56,2392,393,7.26,15.66,15.52,74.82,11.75,6.05,18.25,-28.61,24.84,0.254
20230104 14:05:31,1032,4004,45.76,2428,471,7.5,15.66,15.59,74.89,11.75,6.05,18.25,-28.61,24.84,0.243
